2992 4967
301 372 347 437 40
698 369 852 426 Uictoria
877 370 1032 426 Uitensis

305 552 470 638 nolumus,
499 557 588 642 quasi
618 558 735 625 eliceret
756 550 800 625 ‘iu
828 560 994 642 prouinoiis
1023 561 1136 627 nostris
1165 563 1338 630 uatlrolicos
1363 585 1423 631 osse

306 654 469 730 nolumus'.
493 660 673 727 Tractatum
696 665 743 726 est
762 662 837 744 quid
852 662 948 727 fieret
972 661 1104 729 Nullum
1120 667 1241 732 inuenit
1255 668 1426 733 remedium

306 767 469 831 imminens
492 764 661 847 calamitas,
685 763 745 829 uisi
767 781 788 829 a
808 770 914 831 saneto
936 765 1076 850 Eugenio
1095 769 1306 851 rationabilis,
1329 770 1357 834 ai
1378 788 1426 835 oor

306 866 471 935 barbarum
494 865 678 945 molliretur,
701 870 893 950 suggerenda
913 866 1040 934 daretur
1062 869 1120 935 tali
1139 873 1227 935 uate
1242 873 1426 954 eonsoripta

252 988 294 1055 41
347 982 507 1067 ‘Quotiens
537 985 659 1051 animae
689 986 740 1051 uel
772 988 856 1053 uitae
888 989 1032 1054 aeternae
1059 1006 1096 1054 ao
1128 988 1201 1055 fidei
1230 989 1455 1056 Christianaes

306 1106 402 1157 eausa
415 1089 578 1165 ureretur,
594 1088 757 1171 intrepide,
780 1088 862 1154 siout
875 1089 989 1173 regalia
1003 1091 1200 1173 prouidentia
1214 1093 1426 1175 conpromisit

306 1210 428 1258 neeesse
452 1194 501 1256 est
522 1190 603 1273 quod
625 1191 762 1273 oonpatit
782 1194 977 1275 suggeratur.
999 1192 1109 1274 Nuper
1120 1196 1260 1275 potestas
1275 1198 1365 1277 regia
1380 1214 1430 1276 per

308 1296 420 1363 Uiturit
454 1293 612 1359 noterium
644 1295 833 1376 pueritatem
865 1313 968 1359 meam
1000 1312 1177 1360 ammonere
1209 1296 1346 1379 dignata
1375 1298 1428 1378 est,

306 1399 359 1481 qui
383 1397 470 1463 nebia
493 1397 606 1461 merito
629 1396 788 1481 religionis
810 1414 847 1462 ao
866 1396 939 1462 fidei
954 1400 1153 1481 praeceptum
1167 1400 1233 1463 eiua
1248 1400 1282 1463 in
1300 1400 1430 1463 eeclesia

307 1500 468 1584 praesente
491 1498 574 1565 olere
595 1502 627 1564 et
644 1498 733 1582 plebe
755 1501 918 1565 reoeusuit.
942 1500 987 1565 Ex
1001 1501 1090 1566 ouius
1104 1506 1210 1567 tenore
1224 1502 1455 1586 eognouimuse

305 1604 345 1669 ad
367 1620 471 1667 omnes
495 1602 687 1685 eoepiscopus
709 1619 794 1667 meos
816 1606 1016 1695 praeseptum
1038 1606 1159 1687 regium
1172 1604 1327 1670 similiter
1348 1624 1430 1669 enra-

305 1724 404 1784 nasse‚
427 1707 464 1771 ut
481 1705 531 1771 die
556 1705 729 1771 eonstituta
750 1721 806 1786 pro
827 1704 1035 1787 disputatione
1058 1706 1131 1773 fidei
1153 1707 1319 1781 ueniatnr3
1351 1707 1429 1789 quod

307 1824 361 1873 nos
383 1806 600 1873 uenerabiliter
624 1806 778 1890 aoeepisse
800 1809 1024 1893 suggessimus.
1061 1807 1119 1873 Oui
1144 1810 1285 1890 praefato
1310 1808 1431 1873 notario

308 1910 467 1976 humilitas
490 1930 560 1977 mea
580 1910 745 1994 suggessit,
762 1911 872 1977 debere
887 1912 983 1977 etiam
998 1914 1274 1977 transmarinarum
1289 1912 1430 1977 omnium

309 2012 457 2095 partium,
480 2015 533 2095 qui
555 2012 716 2079 nobiseum
737 2016 811 2079 sunt
832 2017 866 2079 in
887 2033 950 2080 una
970 2015 1117 2098 religione
1138 2014 1190 2080 uel
1212 2015 1456 2079 eommunioneo

313 2115 482 2191 consortes,
515 2132 694 2197 agnosoere‚
735 2117 809 2198 quia
840 2116 956 2200 ubique
988 2135 1083 2199 regno
1116 2118 1182 2181 eius
1214 2118 1430 2201 obtemperant

312 2216 467 2301 uniuersi;
494 2220 626 2283 maxime
656 2221 736 2300 quod
767 2219 864 2283 totius
891 2219 999 2285 mundi
1020 2222 1062 2286 sit
1082 2238 1182 2297 musa,
1205 2238 1264 2284 non
1286 2220 1430 2303 specialis

260 2322 302 2387 42
313 2320 541 2404 prouinciarum
562 2321 781 2388 Africanarum
803 2324 1027 2388 tantummodo.
1065 2324 1106 2387 ut
1133 2325 1205 2405 quia
1225 2326 1365 2388 seeundo
1386 2341 1429 2385 re·

314 2440 425 2505 sponso
447 2424 673 2509 suggerendam
687 2444 738 2491 me
755 2425 884 2508 promisi
905 2425 1092 2504 oblaturum,
1114 2428 1226 2491 merito
1247 2425 1430 2509 suppliciter

315 2528 386 2609 peto
408 2526 669 2611 magmfioenriem
692 2532 791 2607 tuam,
814 2530 850 2593 ut
870 2528 909 2595 ad
932 2528 1036 2594 domni
1053 2532 1086 2593 et
1100 2527 1336 2593 elementissimi
1350 2529 1454 2610 regiae

313 2646 402 2697 uurea
424 2632 627 2695 memoratam
649 2630 879 2713 suggestionem
901 2650 1005 2697 meam
1031 2631 1165 2713 perferre
1186 2630 1342 2713 digneris,
1373 2647 1429 2711 qno

313 2731 379 2799 eiua
412 2732 577 2798 elementia
608 2732 774 2817 dignanter
806 2736 972 2817 agnoseat,
1006 2752 1062 2799 uos
1085 2734 1329 2816 disputationem
1352 2731 1427 2814 legis

314 2853 383 2901 eum
414 2836 566 2903 adiutorio
593 2835 643 2901 dei
670 2836 848 2901 nullatenus
877 2836 1031 2903 declinare
1059 2838 1110 2901 uel
1138 2836 1252 2921 fugere,
1285 2837 1342 2901 sed
1366 2836 1428 2899 siue

314 2938 526 3004 uniuersitatis
548 2940 679 3004 adsensu
713 2956 768 3003 nos
794 2957 855 3004 nou
878 2940 988 3005 debere
1008 2940 1191 3005 asserendae
1211 2938 1282 3003 fidei
1305 2940 1427 3005 nostrae

314 3057 421 3106 oausau
442 3040 612 3106 adsumere.
642 3041 730 3122 Quod
752 3043 943 3124 petimus'ut
961 3042 1150 3125 benignitate
1173 3047 1306 3124 quantus
1329 3045 1378 3106 est
1398 3042 1452 3103 ete

366 3263 476 3331 lquaai
494 3263 609 3318 dioeret.
625 3302 630 3315 .
647 3264 788 3317 ¹nolumus
804 3280 855 3319 om.
879 3264 930 3334 Wo
1032 3262 1142 3331 2qnod
1166 3265 1194 3317 P
1292 3263 1381 3317 3nisi
1398 3265 1426 3314 nt

316 3348 353 3405 W
460 3350 479 3405 4
504 3352 618 3421 daretur]
646 3350 753 3404 daretur
778 3352 839 3418 epla
864 3350 900 3403 Μ
1009 3352 1084 3403 textu
1110 3352 1171 3417 epla
1196 3348 1295 3417 scripta
1327 3348 1367 3403 W

311 3434 343 3487 a'oa
361 3450 379 3488 a
395 3440 456 3503 goat
473 3434 582 3490 daretur
598 3436 718 3505 spatum
735 3438 823 3489 9-10
839 3436 893 3491 titt.
909 3451 971 3489 aeae.
988 3435 1073 3489 reta‘ot
1180 3434 1329 3490 calamitas.
1357 3434 1426 3487 lunc

312 3520 399 3574 saneti
416 3522 518 3587 (saneto
537 3522 601 3587 Pu)
625 3521 736 3591 eugenio
758 3519 930 3575 rationabilia
951 3535 1030 3573 musa
1052 3519 1110 3573 uisa
1127 3522 1170 3573 est
1185 3518 1210 3571 si
1226 3532 1269 3572 oor
1285 3517 1426 3573 eruum

312 3604 461 3659 molliretur
487 3606 651 3676 suggerendo
678 3607 701 3661 ai
725 3606 839 3675 legenda
864 3605 972 3660 daretur
989 3604 1040 3659 tali
1057 3608 1134 3659 textu
1150 3604 1264 3673 epistola
1279 3606 1426 3671 oenatripts

311 3692 384 3762 εἰοβ
405 3692 604 3748 neemiam
705 3693 721 3746 5
742 3693 816 3747 uitae
832 3707 912 3747 oauaa
929 3693 1061 3745 tractatur
1078 3698 1199 3745 aeternae
1215 3707 1235 3744 a
1336 3688 1426 3745 Bani-

312 3776 398 3831 tarith
426 3776 466 3833 W
564 3778 707 3847 paritatem
732 3777 748 3831 b
859 3776 1000 3831 admonere
1029 3776 1126 3831 WoPt
1234 3776 1252 3830 9
1278 3775 1374 3829 merito
1397 3789 1424 3826 ac

312 3861 449 3933 religionis
467 3862 527 3917 fidoi
545 3862 606 3931 ulida
623 3863 656 3929 C)
676 3862 786 3931 quWo
884 3863 917 3915 ll
933 3861 1022 3915 simile
1042 3862 1080 3916 W
1172 3860 1206 3915 14
1220 3860 1424 3915 Μωιτίηιιιι

316 3946 413 4003 VG¹M
508 3948 540 4002 15
557 3948 696 4017 regioneb
797 3947 828 4001 16
845 3948 901 4000 eiua
919 3948 1005 4016 ornat
1107 3946 1293 4014 obtemporant
1313 3944 1364 4000 VC

313 4032 346 4085 18
362 4032 508 4087 asrioanum
527 4032 604 4088 BVO
689 4032 846 4087 tantumodo
863 4032 901 4087 W
984 4032 1016 4087 19
1029 4031 1195 4101 suggerendo
1209 4032 1248 4087 W
1262 4027 1422 4099 suggerenda

312 4116 377 4171 Mau
402 4117 632 4191 suggerendum?
729 4116 913 4172 oblatarumt
1015 4117 1147 4186 suppliter
1169 4116 1203 4172 W
1305 4114 1340 4171 ’Β
1355 4114 1421 4184 peto]

311 4204 435 4274 preoerp
537 4202 639 4259 domini
656 4202 696 4259 ab
798 4201 832 4257 22
849 4204 971 4257 asnoaeat
989 4203 1015 4257 B
1117 4202 1152 4257 24
1168 4200 1360 4269 eumuna

312 4286 347 4343 25
363 4290 489 4359 quantus]
509 4305 561 4359 qua
580 4292 672 4344 tantus
691 4290 707 4361 β
