2992 4967
628 326 744 398 Magni
761 325 890 381 Felicia
907 324 1040 381 llnnodi

772 515 900 581 XXXX.

657 648 844 709 ennonws
872 650 1011 709 Boane.

313 776 444 839 Precum
467 773 593 839 iteratio
615 773 730 841 bonam
753 774 976 840 conscientiam
991 773 1159 841 obliuiouis
1182 774 1317 841 accusat.
1341 774 1399 841 sod

273 878 406 943 lacessat
421 876 584 943 stimulare
599 878 774 944 omrentem
787 880 821 943 et
832 880 1027 945 constantem
1039 877 1145 943 uirum
1161 878 1200 943 ad
1215 879 1402 944 memoriam

274 978 485 1063 promissionis
509 978 668 1064 inpellere.
692 981 770 1047 haao
793 983 832 1046 de
854 981 913 1062 his,
936 1000 1016 1064 quae
1032 1000 1051 1047 a
1065 1000 1116 1047 me
1133 982 1252 1047 dudum
1267 980 1404 1047 culmini
1424 997 1436 1037 ⁶

274 1086 377 1148 nestro
401 1086 475 1148 sunt
499 1082 622 1167 scripta,
645 1082 825 1167 perstrinxi,
847 1086 885 1148 ut
899 1085 1037 1164 domum,
1055 1083 1093 1150 de
1106 1104 1168 1169 qua
1182 1086 1246 1150 iam
1259 1084 1402 1169 paginali

272 1186 387 1253 indicio
398 1187 545 1253 uoluntas
557 1189 664 1252 uestra
675 1191 724 1251 est
735 1186 903 1270 patefacta,
915 1185 1096 1271 percipiam.
1112 1188 1233 1271 reliqua
1246 1186 1403 1270 epistolae

272 1288 471 1356 salutationis
492 1290 602 1356 nuntio
624 1289 819 1375 mancipaui,
842 1290 889 1369 ut,
917 1292 997 1356 sicut
1019 1290 1102 1375 apud
1125 1308 1180 1357 nos
1203 1290 1345 1356 ualitudo
1368 1290 1403 1355 in

269 1392 403 1459 statione
441 1394 504 1475 est,
543 1392 589 1459 ita
621 1396 659 1459 de
692 1392 829 1458 culmine
861 1391 967 1460 uestro
1001 1392 1145 1459 caelestis
1178 1393 1273 1460 faciat
1309 1392 1402 1461 fauor

271 1494 407 1581 agnosci.
1412 1516 1437 1555 ιι

761 1634 908 1701 ΜΠ.
1443 1617 1446 1625 .

645 1768 829 1825 amnonwa
852 1768 1018 1824 AGAPl'l'O.

310 1888 523 1955 insolabiliter
550 1893 714 1955 amantum
742 1890 879 1957 ferretur
905 1890 1067 1970 absentia,
1089 1890 1154 1957 nisi
1175 1910 1266 1977 opem
1288 1894 1402 1959 darent

269 1992 406 2058 remedia
428 1991 617 2073 litterarum,
642 2011 720 2076 quae
741 1994 864 2061 ieiunas
878 1994 1112 2063 desiderantum
1127 1995 1250 2061 animas
1263 1999 1402 2078 pascunt

270 2112 341 2160 esca
378 2096 541 2179 conloquii.
585 2098 664 2163 bene
692 2099 779 2163 enim
807 2117 862 2183 per
890 2099 1001 2163 stilum
1030 2098 1157 2166 dilectio
1180 2098 1315 2165 amicam
1337 2098 1436 2164 utin

269 2200 371 2284 pingit
394 2198 539 2284 effigiem,
563 2220 633 2266 cum
656 2220 716 2284 qua
742 2202 809 2268 sine
839 2201 955 2268 laboris
976 2201 1129 2285 patientia
1150 2202 1279 2267 misceat
1301 2201 1399 2267 mella

269 2320 456 2369 sermonum.
481 2306 520 2369 ad
542 2304 601 2370 hoc
616 2303 800 2391 magnitudo
817 2308 872 2371 tua
886 2305 1008 2383 artilex,
1033 2324 1072 2369 ne
1088 2304 1245 2387 inpastam
1258 2304 1398 2388 gratiam

269 2404 434 2489 linqueres,
459 2404 622 2488 scripsisti.
647 2403 741 2470 debeo
766 2404 1025 2483 uicissitudinem,
1050 2404 1124 2487 qnia
1138 2421 1310 2470 memorem
1334 2404 1398 2470 moi

269 2514 302 2575 tc
324 2528 391 2577 esse
413 2508 555 2593 cognoui.
598 2509 715 2573 honore
750 2526 823 2592 ergo
856 2507 1054 2573 salutationis
1089 2506 1227 2573 exhibito
1255 2525 1340 2592 rogo,
1362 2510 1399 2573 ut

269 2612 350 2695 quod
382 2612 443 2679 scis
472 2612 555 2696 apud
585 2630 671 2677 caros
699 2612 731 2676 et
758 2610 932 2677 adfectione
953 2608 1114 2695 praeditos
1136 2628 1200 2675 esse
1222 2611 1435 2695 pretiosumso

267 2716 324 2783 sub
347 2716 581 2784 continuatione
605 2716 706 2783 facere
728 2734 790 2781 non
815 2716 953 2781 omittas.

748 2902 912 2969 XXXXII.

653 3038 838 3093 ENNODIVS
862 3038 1007 3094 allano.

310 3161 528 3249 Aegritudinis
543 3163 666 3228 uestrae
682 3162 834 3227 indicium
851 3162 886 3225 in
901 3179 988 3225 meae
1002 3159 1137 3244 contigit
1151 3160 1395 3225 incrementum.

267 3284 341 3334 nam
362 3266 435 3335 talis
459 3282 582 3351 semper
616 3267 665 3331 est
696 3283 772 3331 usus
806 3269 839 3331 at
870 3282 949 3347 pene
971 3267 1086 3330 natura
1107 3263 1245 3339 solliciti,
1282 3267 1319 3328 ut
1341 3267 1433 3330 uiuae

317 3504 734 3561 mammonam
837 3504 1033 3559 aarum
1136 3466 1327 3571 ormffmon

266 3594 293 3663 a]
311 3591 388 3649 adll'
496 3590 628 3649 linditio
645 3591 680 3658 12,
707 3590 874 3658 indiction,
900 3588 999 3645 iuditio
1018 3590 1054 3657 P,
1079 3587 1216 3644 iudiciot
1319 3589 1396 3643 ilec-

265 3678 342 3734 lestis
360 3677 388 3733 B
493 3679 526 3733 10
542 3676 703 3747 agnoscendi
721 3676 757 3731 Y¹

317 3781 442 3839 xxm
479 3782 633 3853 accepite
651 3780 686 3847 L,
714 3782 812 3851 agapio
829 3779 857 3834 B
958 3780 991 3835 la
1007 3778 1119 3835 lenitur
1136 3779 1164 3834 Β
1268 3780 1302 3835 lt
1318 3796 1396 3837 aeaoa

160 3892 165 3897 ·
266 3866 324 3923 LV
418 3867 543 3938 conloqui
559 3867 587 3922 B
685 3866 769 3921 tilum
785 3866 813 3921 B
919 3866 952 3921 16
969 3865 1065 3937 pinget
1081 3866 1110 3921 B
1214 3866 1248 3921 18
1264 3866 1395 3936 linqueria

264 3985 293 4040 a
396 3952 546 4056 ιιιιῖιιῑ,
646 3986 920 4043 decimanona
1022 3986 1215 4042 memus
1317 4002 1396 4055 pm

265 4070 340 4125 ditas
356 4071 385 4127 B
488 4074 520 4129 21
540 4074 625 4129 locere
642 4073 681 4129 Π
1385 4099 1388 4103 ·

316 4172 457 4231 XXXXH.
490 4177 526 4231 24
542 4176 709 4248 egretudinia
727 4176 768 4231 11¹
854 4191 912 4230 mee
929 4176 972 4244 Ρ,
999 4192 1059 4232 mea
1074 4174 1242 4233 Bnrmvt
1331 4192 1395 4232 con-

265 4258 337 4330 tigat
353 4262 389 4330 B,
416 4262 552 4333 contingit
570 4264 586 4319 t
688 4262 722 4318 25
740 4264 783 4318 est
800 4278 903 4333 semper
920 4260 1008 4319 ΜΨ
1105 4262 1182 4332 pene]
1201 4278 1234 4332 pc
1251 4261 1280 4316 Β
