2992 4967
286 376 349 444 362
643 374 754 444 Magni
772 373 902 429 Felicis
919 372 1052 429 Eunodi

285 582 383 649 paene
411 564 570 630 biennium
603 565 705 649 exegit
733 564 858 648 taliter,
886 564 985 631 stab
1007 580 1043 628 ee
1071 562 1181 629 dentes
1209 563 1420 642 dueedoeeut,

286 670 384 735 etiam
407 668 446 733 sd
468 671 611 751 parentes
634 670 667 734 et
689 667 828 734 familias
850 667 1029 752 regressuri.

328 788 500 870 Postquam
521 806 595 853 uere
619 788 852 871 perfuncturus
875 792 922 852 est
940 786 1052 853 misero
1074 784 1257 869 exitialique
1277 786 1365 851 bello
1389 791 1423 851 et

286 890 363 956 uiuit
395 892 439 967 is,
475 890 561 955 euius
594 892 665 973 pest
696 890 891 973 triumphum
924 889 1093 973 spoliatum
1126 891 1241 973 uagina
1273 889 1423 973 gladium

286 993 392 1059 nullus
415 994 553 1077 aspexit,
577 994 631 1076 qui
651 995 936 1078 praesumptionem
959 993 1108 1059 exereitus
1130 994 1180 1057 sui
1202 1010 1277 1057 eum
1298 992 1455 1076 proelior

286 1097 487 1180 terminant,
520 1096 591 1161 ilieo
620 1098 783 1180 adgressus
813 1097 861 1160 est
889 1096 1083 1161 uenerandus
1105 1094 1243 1178 pontifex
1265 1096 1307 1161 de
1329 1096 1424 1160 urbis

286 1218 359 1266 suos
386 1201 582 1283 reparatione
612 1202 763 1277 breuiore,
796 1218 891 1281 quam
914 1201 950 1263 ut
971 1198 1108 1282 primum
1130 1198 1234 1282 dignis
1257 1200 1425 1280 eoupleret

287 1302 525 1382 habitatoribus,
548 1302 701 1386 spiritalis
716 1303 874 1385 prespexit
890 1302 1113 1368 deliberatione
1129 1301 1262 1368 eonsilii.
1291 1305 1326 1366 ot
1341 1300 1424 1367 hest

286 1423 355 1471 eam
386 1406 512 1488 preeatu
540 1404 628 1470 illius
657 1404 794 1469 faeiente
822 1404 927 1469 nullus
955 1405 989 1468 in
1018 1402 1203 1470 uastitatem
1231 1405 1421 1486 temporalis

285 1508 440 1593 proeellas
462 1506 555 1573 turbo
571 1508 762 1593 'dispulerat
786 1526 896 1591 parum
918 1512 1026 1572 tamen
1047 1508 1192 1573 eradebat
1211 1524 1304 1588 posse
1326 1506 1449 1573 euru-10

287 1630 366 1690 eure,
389 1610 416 1676 si
438 1612 508 1694 pest
530 1612 654 1676 ruinam
677 1610 818 1676 omnium
841 1610 984 1694 Liguriae
1007 1610 1173 1675 einitatum
1195 1610 1328 1676 'lieinus
1351 1610 1418 1673 suis

285 1717 410 1780 tantum
435 1717 580 1780 contenta
595 1712 750 1796 indigenis
765 1713 928 1780 erultsret.
948 1714 1049 1796 eoepit
1062 1712 1270 1778 finitimarum
1284 1711 1418 1777 urbium

286 1821 386 1883 aemes
408 1835 544 1899 quosque
565 1818 602 1882 de
619 1816 742 1882 eiuibus
758 1815 903 1881 doseulos
924 1816 1028 1901 legere
1050 1820 1145 1898 atque
1165 1817 1206 1880 ad
1220 1832 1293 1880 sues
1307 1814 1417 1879 hortos

288 1918 390 1985 enitor
413 1918 544 2003 diligens
566 1917 727 2001 plantaria
748 1918 813 1983 iam
831 1918 963 2001 probata
983 1919 1117 2000 portare,
1140 1917 1308 2000 dequibus
1330 1916 1415 2001 frugi

287 2025 318 2087 et
340 2020 470 2086 idoneus
493 2021 656 2103 aptissime
678 2024 802 2103 saperet
823 2037 916 2103 perna
937 2035 1107 2102 possessor.
1422 2050 1443 2091 ιι

328 2138 453 2207 Interea
489 2138 596 2205 subita
632 2140 773 2205 animum
809 2138 1072 2223 praestantissimi
1106 2139 1193 2221 regis
1229 2138 1413 2205 Theoderici

239 2288 242 2291 -
286 2241 473 2309 deliberatio
495 2242 673 2327 oeoupauit‚
704 2246 741 2309 ut
768 2242 834 2309 illis
856 2246 980 2309 tanturn
1002 2242 1162 2309 mamre
1182 2242 1342 2309 libertatis
1364 2244 1413 2309 ius

286 2346 449 2423 tribueret,
473 2364 549 2429 quos
572 2347 714 2430 partibus
737 2346 838 2429 ipsius
856 2346 932 2411 tides
956 2346 1134 2413 examinata
1154 2346 1318 2428 iunn‘sset,
1341 2346 1412 2412 illos

286 2466 368 2529 uero,
384 2466 460 2531 quos
475 2449 581 2533 eliqua
595 2450 765 2516 necessitas
780 2448 941 2532 diuiserat,
962 2449 1002 2515 ab
1019 2453 1105 2517 omni
1118 2449 1212 2517 iussit
1228 2456 1260 2517 et
1273 2452 1411 2517 testandi

287 2550 320 2616 et
340 2552 572 2619 ordinationum
606 2572 732 2619 suarum
761 2571 797 2619 ae
824 2554 1025 2619 uoluntatum
1057 2554 1188 2620 lieentia
1219 2553 1440 2621 submoueri.»

285 2670 345 2737 qua
373 2656 528 2721 sententia
554 2643 753 2740 promulgato
776 2658 808 2720 et
829 2653 953 2738 legibus
981 2654 1064 2722 eirea
1085 2656 1237 2739 plurimos
1258 2656 1320 2723 tali
1341 2658 1409 2742 lege

285 2757 412 2823 ualeatis
441 2757 588 2824 uniuersa
615 2759 709 2825 ltalia
737 2759 934 2825 lamentabili
963 2758 1083 2825 iustitio
1110 2758 1304 2827 subiaeebat
1344 2762 1409 2826 itur

285 2878 391 2925 rursus
413 2862 454 2925 ad
476 2860 585 2945 illum,
614 2860 667 2943 qui
696 2878 791 2926 mauu
813 2861 936 2927 medies
957 2860 1090 2944 publieia
1112 2866 1314 2929 eousueuerat
1334 2866 1406 2929 sub-

287 2964 392 3029 uenire
414 2963 607 3042 uulneribus,
630 2963 717 3029 euius
741 2964 828 3030 toute
850 2982 1070 3031 aerumnarum
1092 2983 1183 3051 saepo
1201 2966 1406 3033 fueratardor

284 3065 449 3131 extinctus.
490 3067 544 3149 qui
579 3066 654 3131 dum
682 3084 715 3131 se
742 3066 860 3132 diceret
892 3068 994 3133 selum
1027 3069 1066 3133 ad
1100 3070 1222 3135 mutam
1255 3071 1434 3135 sareinams

283 3168 493 3234 sustinendam
529 3188 590 3235 uon
610 3186 699 3252 posse
722 3168 882 3247 sufficere,
915 3174 1043 3254 rogatur
1072 3171 1190 3253 pariter
1220 3171 1403 3238 uenerabilis

335 3410 350 3462 1
368 3423 436 3479 pene
458 3406 483 3463 V
584 3409 672 3479 eriget
693 3408 721 3463 Β
826 3408 993 3463 discederent
1011 3408 1068 3475 (ult.
1088 3406 1106 3462 d
1123 3424 1158 3464 ex
1176 3426 1193 3462 n
1211 3411 1295 3479 cerr.)
1312 3410 1338 3465 L

281 3528 298 3583 2
316 3496 362 3585 εει
379 3529 408 3584 Β
493 3530 510 3585 5
527 3500 616 3616 multetur
639 3530 664 3584 V
747 3529 862 3600 adspieit
880 3531 963 3587 Sim
1050 3534 1294 3603 praesumptionum
1313 3531 1339 3587 Β

281 3634 365 3702 prelio
392 3634 420 3689 Β
531 3631 547 3687 6
573 3631 685 3702 pentidx
711 3632 739 3686 B
851 3635 883 3689 10
908 3636 1023 3705 procella
1047 3635 1075 3690 B
1176 3638 1287 3724 parturn
1315 3638 1340 3693 1·

283 3732 315 3787 12
341 3734 520 3804 ιιι11ρ1ιΤ
620 3735 765 3789 exsultaret
793 3737 819 3791 Τ
822 3735 848 3791 V
945 3738 1124 3795 finitimarum
1148 3756 1174 3794 u.
1197 3740 1229 3809 e]
1257 3740 1398 3797 uieinarum

281 3818 388 3874 urbium
405 3818 537 3875 finitimos
555 3820 637 3877 sem.
742 3822 776 3877 13
798 3822 832 3877 ad
851 3838 900 3879 om.
919 3823 960 3890 B,
986 3824 1015 3877 in
1033 3824 1101 3879 Bou
1207 3826 1241 3879 14
1264 3824 1398 3899 diligenter

281 3904 364 3960 Sirra
468 3908 544 3976 fruge
562 3909 591 3961 et
610 3912 633 3972 (e
650 3911 678 3961 at
696 3922 730 3961 a
747 3907 797 3961 ie?
814 3911 895 3976 eon.)
918 3910 946 3963 Β
1048 3909 1140 3980 fruges
1164 3911 1273 3967 idoneas
1293 3916 1321 3967 st
1335 3914 1398 3969 eost

281 4008 407 4063 seeum
510 4008 772 4079 1opompru1’1t'
871 4011 906 4065 lo
922 4010 1068 4067 tehoder'iei
1086 4013 1114 4068 L
1212 4016 1245 4070 18
1262 4015 1398 4071 inuexisset

281 4092 309 4147 Β
411 4092 445 4147 22
471 4094 580 4151 iustitio
607 4095 719 4151 BLTV
817 4096 883 4166 itur]
907 4098 994 4166 igitur
1015 4098 1057 4168 B,
1084 4100 1142 4154 itur
1165 4100 1252 4169 igitur
1273 4104 1336 4169 fert.

280 4211 314 4266 23
335 4179 496 4281 publie¹a⁸V
600 4217 634 4272 24
656 4232 825 4273 murenarum
848 4214 960 4273 BLTV
1059 4234 1154 4290 saepae
1177 4218 1206 4275 Β
1307 4222 1339 4278 25
1358 4240 1397 4277 er·

281 4298 395 4353 stinetos
415 4299 472 4354 TV
