2992 4967
291 339 357 406 5oe
508 335 623 406 Mupni
640 335 767 391 ll'eliois
783 333 913 389 Ennooli
939 334 1054 390 Dictis
1072 332 1201 390 XXVIII.

294 527 420 608 eloquor
434 525 545 604 neseio,
562 522 701 610 (neseio)
712 542 793 607 quoe
805 522 989 608 relinpuum.
1007 524 1083 590 bueo
1098 542 1155 590 neo
1170 525 1277 590 dexter
1293 525 1429 591 lunonis

292 629 400 696 ooulus
422 646 479 694 neo
499 628 615 693 summi
643 627 781 693 tonantis
810 615 947 710 potietur
975 627 1133 710 aspectus,
1163 628 1201 694 ιιι
1220 647 1276 711 pro
1299 629 1349 692 ιοι
1374 629 1429 694 in-

292 732 396 815 pensis
417 730 663 818 sequestratione
682 747 849 806 mosomus
876 747 933 804 noo
954 731 1041 804 uliud
1058 730 1175 815 pietate
1201 735 1429 814 promouerlm,

292 836 352 901 nisi
373 836 411 901 ιι
433 852 553 900 mereor
574 851 636 899 non
665 835 774 902 umeri.
808 833 869 899 beu
890 832 967 903 fides
996 834 1035 900 ab
1058 833 1213 899 uniuersis
1235 836 1430 919 proturbato

291 937 475 1004 mortalibus
506 941 539 1002 et
571 935 653 1020 quod
691 933 842 1002 haetenus
876 936 1057 1002 numinibus
1089 938 1231 1003 homines
1268 938 1430 1023 iungebat
1450 961 1463 1001 s

291 1041 469 1130 populeum!
486 1039 605 1126 susospi
620 1038 801 1108 moeream
813 1038 1002 1124 neubugum
1016 1044 1049 1106 et
1064 1042 1129 1111 eius
1146 1039 1259 1108 dicioni
1274 1039 1430 1124 reginam

290 1142 416 1210 subdidi
448 1145 595 1208 monente
627 1137 787 1209 lelioitstis
820 1146 902 1209 sorte
936 1142 1110 1225 captiuum:
1148 1143 1210 1208 feei
1243 1144 1280 1208 ιιι
1314 1151 1429 1226 operm

290 1243 452 1316 domiuum
478 1240 626 1329 prologus
651 1243 842 1328 Imperunbs.
874 1258 957 1311 nuno
971 1240 1073 1311 lurore
1087 1261 1235 1311 suooensu
1249 1243 1429 1311 discrucior

290 1355 322 1416 et
344 1364 439 1438 quere
466 1363 623 1434 possessor
643 1366 694 1414 me
722 1351 845 1425 deseret
873 1349 1054 1434 ingemiseo.
1088 1365 1159 1434 ergo
1182 1348 1341 1432 Apollinis
1367 1367 1428 1416 su·

289 1453 387 1540 guriis
408 1455 536 1518 uocatus
564 1451 703 1517 sbsoedis
725 1454 757 1517 et
778 1450 872 1518 sortis
896 1446 1010 1538 byblus
1031 1469 1139 1518 ossum
1162 1453 1255 1518 uerbis
1278 1455 1313 1518 et
1336 1451 1461 1536 spurio

290 1560 322 1622 te
343 1553 408 1621 ium
428 1555 588 1620 mouentis
609 1557 774 1640 praeponis
797 1555 963 1640 imperiis?
992 1555 1113 1622 scilieet
1136 1551 1325 1624 coelestibus
1349 1573 1427 1622 oru-

289 1655 403 1729 rentes
423 1657 487 1724 isto
513 1662 698 1742 prooursbnr
724 1659 902 1726 unctoribus
931 1655 964 1724 et
992 1659 1144 1742 interpres
1172 1675 1361 1741 superorum
1385 1661 1426 1726 ud

287 1761 344 1828 boe
366 1759 523 1827 bominem
539 1759 688 1847 oonpslllt
704 1775 856 1842 excessus,
871 1761 909 1827 ιιι
923 1757 1085 1846 diligentis
1099 1757 1194 1828 litore
1210 1761 1301 1845 qussi
1316 1761 1424 1828 solum

214 1859 217 1865 ’
288 1863 401 1930 bostile
423 1858 578 1950 nospes
601 1867 638 1929 ιιι
653 1881 708 1949 per
730 1865 932 1947 tempestates
956 1863 1092 1931 sulutem
1112 1867 1223 1947 produt
1245 1861 1299 1948 qui
1316 1866 1424 1931 solnm

288 1963 372 2053 iogit
394 1962 561 2032 adlectum.
595 1966 684 2046 mole,
707 1965 842 2033 ulterius
864 1985 925 2033 non
948 1965 1100 2034 morabor.
1133 1965 1228 2034 nubet
1242 1967 1456 2036 uinoiooems

288 2071 351 2136 mei
383 2073 437 2137 niu
468 2089 528 2154 qus
561 2070 701 2148 deseror,
734 2067 864 2138 babebit
896 2070 1026 2154 pelagus
1054 2071 1088 2134 in
1123 2066 1225 2136 lurore
1254 2069 1421 2136 iudicium.

290 2187 398 2240 mneos
418 2170 612 2246 tumentium
633 2173 841 2258 procellarum
862 2180 969 2240 uestes
992 2173 1168 2240 embolum:
1194 2173 1321 2240 uouebis
1336 2175 1422 2239 inter

289 2274 427 2365 periculo
449 2273 580 2343 Didonis
607 2294 730 2358 nomon,
760 2296 838 2360 quse
860 2281 891 2343 st
913 2275 973 2343 luit
995 2281 1102 2360 portus
1123 2277 1156 2344 ot
1178 2275 1339 2360 praebuit:
1363 2277 1421 2342 unt

288 2381 380 2461 certe,
413 2380 495 2464 quod
528 2381 635 2458 timeo,
668 2397 706 2447 ne
741 2379 816 2456 olum
849 2381 990 2446 uloffieor
1023 2397 1073 2446 me
1105 2381 1231 2447 musrte
1261 2381 1418 2460 morieris,

290 2486 438 2549 euentum
466 2485 620 2569 expetitae
646 2484 857 2570 nauigationis
885 2489 953 2567 post
980 2497 1107 2549 usurum
1138 2481 1218 2550 luois
1240 2499 1453 2568 agressus

288 2585 360 2653 uide
394 2585 561 2657 soelenbus
593 2587 766 2660 indebitum
798 2577 989 2655 mercedem:
1026 2583 1127 2669 perire
1159 2587 1308 2654 innooens
1343 2589 1418 2653 ιιιιι

289 2688 378 2773 oupio
401 2708 496 2774 quem
518 2692 699 2757 merentem.

425 2809 529 2883 Durus
551 2816 585 2883 et
606 2808 776 2886 indomitus
800 2803 929 2876 Veneris
952 2830 985 2878 se
1007 2807 1126 2882 semiue
1149 2816 1270 2876 oretum

425 2913 529 2979 Inotst
550 2912 584 2978 et
605 2911 752 2979 oblursns
776 2911 940 2979 oonlsudut
961 2913 1129 2980 stemmate
1151 2913 1250 2979 diuus.

424 3015 534 3081 Edidit
554 3033 627 3102 ergo
650 3015 756 3082 Venus
779 3016 953 3101 fugientem
975 3028 1088 3083 nomon
1110 3017 1233 3097 umoris,
1423 3048 1448 3090 η

424 3117 566 3189 Psotoris
589 3119 622 3190 et
642 3118 746 3185 rubidi
767 3119 851 3189 fuoio
873 3119 1039 3220 elementis
1060 3119 1158 3188 uirus.

339 3335 469 3407 lpueB
560 3337 1178 3410 areleffiorrelobn'poedoptpmsto
1269 3340 1414 3398 nummo

285 3423 315 3478 Β
400 3425 565 3495 pureturl'r¹
655 3423 805 3486 toturn
889 3426 1111 3497 promou'msrrB
1193 3426 1346 3482 ordiar

285 3510 444 3631 orbabas
461 3547 577 3603 nomem
594 3549 623 3603 n
713 3547 848 3620 omps
865 3547 894 3604 n
984 3551 1154 3620 mmmm
1174 3549 1223 3606 no
1313 3551 1412 3606 nuos

285 3647 347 3716 BT,
371 3647 531 3706 blotiomb
626 3651 748 3708 lsortse
766 3651 795 3708 Β
887 3655 989 3724 speret]
1008 3653 1111 3709 suusne
1127 3655 1192 3713 orto.
1212 3651 1380 3712 Putem

284 3735 478 3815 timporuntls
495 3737 601 3807 roripri,
623 3737 748 3809 inpetunt
766 3733 801 3804 Β,
822 3739 960 3809 imperant
977 3736 1039 3808 LV,
1062 3741 1238 3812 imperantem
1255 3734 1337 3809 ΡΝ,
1362 3741 1411 3796 lm·

284 3841 392 3907 perstor
408 3835 490 3896 som
582 3831 696 3897 nun⁸V
785 3841 848 3897 θοι
865 3857 915 3906 oro.
934 3841 1014 3900 Siron.
1112 3843 1147 3902 10
1163 3847 1274 3906 uocetur
1292 3845 1409 3916 engonis

285 3921 372 3980 ΜΨ
468 3927 511 3979 set
532 3925 561 3981 Β
664 3926 742 3982 lisine
769 3923 858 3996 BLV,
888 3928 949 3984 lioie
979 3926 1007 3983 T
1107 3931 1138 3986 ll
1166 3931 1290 4001 preponis
1316 3929 1344 3985 Β

284 4009 457 4065 menube·
473 4011 542 4077 sore
638 4011 751 4082 ιιμιιιι
768 4013 796 4068 n
900 4015 1086 4070 isserninus
1106 4017 1141 4071 ou
1239 4015 1273 4072 ro
1290 4029 1408 4076 emm

283 4093 349 4160 m
451 4095 548 4151 lituus
563 4096 592 4151 s
695 4099 728 4153 ιι
750 4100 919 4169 pompm
940 4101 971 4156 n
1071 4102 1105 4158 ro
1121 4099 1228 4174 ιςιιιι
1331 4107 1408 4157 suen

284 4179 314 4235 Β
409 4181 443 4236 1'1
457 4192 556 4238 repom
573 4183 603 4238 Β
694 4185 873 4255 rapuerunt
889 4185 918 4242 Β
1014 4185 1045 4244 lt
1063 4191 1150 4243 ositos
1166 4189 1195 4242 Β
1284 4191 1407 4244 morium

285 4265 313 4322 Β
415 4265 450 4321 20
466 4283 610 4338 ugnusom
627 4269 656 4323 Β
759 4271 793 4326 23
811 4272 954 4329 durus-t.
967 4277 1004 4330 20
1020 4273 1096 4330 uirus
1113 4275 1209 4332 oeus
