2992 4967
276 340 337 407 122
496 334 610 405 Magni
628 332 757 389 Felicis
774 330 905 387 llnnodi
922 331 1022 401 epist.
1039 329 1097 385 lin.
1115 328 1186 384 1111.

274 524 384 593 amieis
407 522 585 589 difficiliora
608 520 759 599 tribusne,
781 538 844 587 non
859 518 1007 601 putantes
1023 516 1216 592 benefitium,
1241 518 1270 583 si
1293 534 1407 600 pasees

273 629 306 694 in
340 630 432 693 tanta
462 624 626 691 nioinitate
658 623 836 705 conloquiis.
874 624 908 686 at
941 638 998 703 ogo
1033 638 1139 687 ossum
1171 640 1279 687 meum
1313 637 1408 685 uorsa

275 730 491 797 aestimatione
514 730 648 811 suspiro,
674 745 721 793 ne
748 726 908 792 beatitudo
931 728 988 790 tua
1014 724 1160 790 retulerit
1189 723 1229 790 ad
1250 723 1408 789 iuditium

274 835 358 918 quod
390 832 529 898 exhibuit
560 830 804 913 blandimentis,
838 832 914 896 dum
941 829 1023 911 qnod
1050 827 1220 910 praecessit
1249 825 1407 892 adsoribit

274 936 408 1019 tempori
431 954 491 1001 non
515 934 622 1001 amori.
658 934 791 1000 lacessat
812 952 832 998 a
854 932 959 998 nostro
980 930 1015 995 iu
1036 930 1185 997 amioitiis
1206 930 1294 997 frons
1318 930 1440 1013 piatas

273 1038 447 1124 proposito:
463 1054 519 1102 nos
534 1038 574 1102 ad
596 1036 677 1103 hene
690 1037 843 1102 fabricam
857 1036 947 1101 nulla
960 1033 1213 1118 praecedentium
1227 1034 1406 1100 studiorum

273 1142 351 1209 lima
373 1140 553 1222 conposuit:
575 1140 693 1205 undam
714 1138 831 1204 seimus
854 1139 894 1203 ad
909 1138 1158 1203 ooniunotionem
1181 1136 1306 1202 adferre
1329 1154 1406 1201 oon·

274 1244 485 1312 oonoordium:
519 1242 730 1308 urbanitatem
764 1244 845 1307 inter
877 1258 964 1306 oaros
997 1243 1034 1307 ut
1067 1258 1186 1307 uenena
1214 1240 1406 1323 respuimus.

274 1366 357 1433 ergo,
379 1346 424 1412 mi
446 1346 579 1425 domine,
608 1344 830 1411 salutationem
852 1344 1008 1427 aooipieus
1032 1346 1189 1409 amantem
1216 1344 1265 1408 tui
1287 1343 1323 1409 in
1345 1344 1407 1409 hao

273 1452 378 1535 potius
400 1452 488 1535 parte
511 1450 639 1528 suttune,
662 1452 698 1515 ut
721 1452 753 1514 et
769 1448 922 1513 culturam
944 1446 1017 1513 fidei
1030 1465 1086 1531 par
1107 1447 1318 1529 insonantium
1337 1462 1439 1512 ser-u

273 1554 374 1620 monis
398 1552 549 1638 inpendas
571 1555 603 1619 et
618 1572 653 1618 ex
668 1554 786 1617 seoreto
801 1551 936 1634 peotoris
958 1550 1099 1617 infucata
1113 1550 1294 1635 expeotanti
1309 1553 1408 1617 uerba

277 1655 435 1725 concedas.
459 1657 540 1722 uale.

773 1839 902 1907 XXXV.

582 1972 767 2031 ENNODIVS
789 1972 999 2030 APRONIANO
1016 1974 1049 2030 V.
1068 1972 1091 2033 l.

315 2098 354 2162 ln
376 2118 437 2167 usu
452 2104 501 2165 est
516 2100 592 2164 uiris
615 2118 737 2165 morum
754 2098 898 2165 multata
915 2096 1107 2181 fulgentibus
1123 2098 1309 2182 religionem
1323 2100 1438 2165 ami-1⁵

274 2202 368 2269 oitiae
390 2222 446 2285 per
468 2204 626 2295 culturam
648 2201 768 2267 numine
785 2202 948 2284 conloquii,
972 2204 1009 2293 ut
1023 2202 1099 2266 dum
1120 2202 1241 2284 gratiae
1256 2203 1405 2285 germina

273 2305 342 2371 fotu
360 2304 617 2372 confabulationis
633 2304 825 2384 animantur,
841 2304 881 2369 ad
895 2322 1030 2369 messem
1045 2303 1224 2370 ooniunotio
1239 2306 1402 2371 foederata

273 2409 443 2491 perueniat.
466 2428 521 2492 pon
542 2409 618 2475 haee
639 2410 722 2473 enim
744 2407 854 2473 munia
875 2406 978 2473 uoluit
999 2407 1105 2490 senior,
1124 2407 1323 2490 prouidentia
1345 2406 1403 2473 ab·

272 2512 395 2576 sentiae
415 2511 461 2577 nil
483 2510 588 2577 liuere.
617 2511 731 2577 merito
759 2510 798 2575 de
819 2509 910 2575 uobis
938 2509 1209 2575 emendatissimus
1235 2509 1402 2577 hominum

273 2614 407 2679 domnus
428 2615 563 2681 Faustus
584 2615 744 2697 praedioat
771 2613 930 2697 singulare
958 2614 1186 2679 testimonium.
1229 2614 1298 2679 sine
1319 2616 1437 2681 neten

273 2720 364 2784 datur
387 2720 513 2803 ugnosoi
534 2716 614 2783 nihil
637 2720 675 2783 de
697 2736 733 2782 oo
755 2717 966 2782 dubitandum
980 2734 1073 2799 quem
1094 2715 1244 2800 probatus
1265 2718 1400 2784 attollit.

272 2822 327 2885 sed
349 2837 432 2886 nuno
453 2821 494 2885 ad
517 2820 668 2903 epistulae
688 2819 853 2903 angustias
868 2837 919 2883 me
940 2820 1092 2885 nonnosus
1115 2822 1245 2885 seoretis
1260 2819 1402 2887 debitam

272 2922 398 2988 laudem
419 2923 530 2989 alaudo
551 2922 773 3005 penetralibus,
795 2924 932 3005 nequod
952 2922 1035 3004 apud
1058 2926 1198 2988 externos
1221 2922 1403 2990 fumandum

273 3026 321 3089 est
344 3028 426 3108 apud
447 3042 503 3089 uos
525 3024 751 3107 inportunitate
773 3029 941 3092 ranoesoat.
964 3024 1048 3103 uale,
1064 3023 1110 3090 mi
1124 3026 1259 3105 domine,
1281 3020 1402 3093 salnmss

272 3125 390 3191 tionem
412 3126 728 3211 obsequentissimam
750 3130 919 3212 aooipiens:
943 3129 1036 3194 deum
1051 3146 1168 3211 precor,
1193 3132 1230 3194 ut
1250 3140 1436 3213 prospera⁸⁵

273 3228 379 3295 uestra
405 3229 439 3294 in
466 3229 595 3313 longum
615 3230 789 3314 producens
810 3230 889 3297 mihi
911 3250 1031 3316 quoque
1061 3231 1206 3298 secundis
1229 3233 1402 3299 amioorum

272 3332 464 3398 suoeessibus
486 3334 636 3419 spondeat
658 3335 843 3400 auctionem.
867 3335 949 3400 uale.

214 3536 216 3541 Ι
323 3572 397 3627 tad
421 3573 460 3628 L*
482 3578 515 3628 ut
537 3570 653 3629 uidem
756 3574 947 3631 litimatioue
973 3575 1001 3630 B
1107 3549 1209 3663 bflota
1228 3576 1263 3643 V,
1290 3576 1403 3647 protom

271 3658 299 3713 L
402 3658 646 3728 tpraaoidentium
666 3659 694 3713 B
797 3660 831 3714 12
847 3660 908 3714 nale
924 3675 974 3716 ont
995 3661 1080 3717 ΡΝ

324 3759 432 3817 mv.
463 3762 497 3815 14
508 3762 669 3832 appropiano
683 3763 709 3817 Τ
804 3765 841 3819 uu
854 3762 907 3831 Bo,
925 3779 976 3818 out.
988 3763 1072 3819 m
1166 3764 1202 3819 15
1213 3766 1265 3820 uiri
1278 3767 1313 3832 B,
1331 3765 1403 3821 uir·

271 3878 439 3947 βψω
534 3882 565 3936 1⁷
579 3848 720 3937 conecti>
736 3881 897 3938 uenerat.
992 3882 1200 3939 maenadas
1292 3886 1402 3941 mm-

271 3982 353 4038 oisoat
372 3984 400 4038 B
485 3982 519 4040 25
536 3967 595 4039 diii
612 3982 781 4054 (neruum
867 3984 1044 4043 ilaotionem
1058 3988 1084 4042 Τ
1167 3988 1229 4044 unte
1245 4006 1296 4045 osu.
1316 3990 1343 4045 1·
