2992 4967
496 370 734 440 Epistularum
752 370 840 425 liber
857 370 904 427 Vl.
1200 374 1258 438 l'Il

132 558 257 642 appello
286 558 412 644 linguae
444 558 537 625 ferias
566 558 723 623 fouentem
753 558 784 623 et
807 557 841 623 in
871 557 1062 643 longioribus
1085 580 1258 644 persequor,

132 660 250 726 habens
272 662 442 743 promissae
463 660 604 727 cantatis
620 660 812 726 memoriam.
844 662 978 743 domiuo,
1001 666 1037 727 ut
1059 682 1152 746 supra
1174 665 1258 729 salu·

132 763 285 828 tationem
307 762 515 847 largissimam
539 763 669 829 offerens
694 780 815 846 quaeso,
842 768 878 829 ut
900 765 1042 831 debitum
1064 765 1185 849 gratiae
1207 767 1258 831 uel

131 884 216 931 nuno
237 866 343 951 erigat
364 867 590 948 inportunitas,
619 868 693 932 dum
723 867 920 952 prouidotur‚
943 873 1095 951 quatenus
1119 872 1259 935 ardorem

111 968 280 1033 sdesiderii
302 970 427 1051 prolixis
450 970 569 1035 satietis
593 969 748 1053 alloquiis.

603 1157 784 1226 XXXVIII.

482 1292 666 1350 ENNODIVS
694 1294 883 1350 FIRMINAII.

176 1412 324 1493 Quotiens
349 1416 457 1481 uotiua
471 1434 519 1481 res
542 1418 668 1500 repente
692 1416 868 1500 eontigerit,
885 1417 1022 1499 pretium
1037 1419 1074 1482 de
1089 1417 1157 1499 ipsa
1178 1420 1258 1483 tem·

131 1518 215 1597 poris
248 1516 403 1583 breuitate
433 1520 572 1585 sortitur.
609 1520 755 1587 oaelestis
789 1521 874 1585 enim
900 1524 937 1585 ut
964 1525 1084 1586 eresoat
1112 1520 1257 1587 beuofioii

95 1620 257 1703 segonius,
286 1622 425 1689 subitum
453 1624 531 1690 iaoit
561 1625 731 1707 essequod
754 1624 881 1703 tribuit,
910 1643 949 1691 ne
980 1625 1165 1691 denenustet
1186 1642 1257 1706 spo-

130 1728 257 1788 rantum
279 1724 440 1808 proliritas
455 1726 698 1793 misericordiam
721 1727 888 1810 largitoris.
911 1728 981 1809 quis
1004 1730 1088 1794 enim
1106 1727 1256 1793 adantum

131 1827 279 1892 desiderii
307 1828 435 1911 repente
457 1830 626 1913 suscipiens
648 1848 709 1895 non
731 1827 854 1895 auidius
876 1830 1046 1914 impetrata
1066 1834 1257 1897 ueneratur?

130 1929 177 1995 sie
198 1931 321 1995 litteras
349 1931 576 2014 magnitudinis
598 1935 721 1998 uestrae
750 1933 861 1999 sitiens
889 1934 1026 2016 tempore
1059 1933 1257 2017 profectionis

131 2035 245 2115 aooepi.
270 2035 413 2101 dolebam
436 2035 534 2101 fateor
562 2039 594 2100 et
615 2036 816 2101 uehementer
843 2027 996 2119 angebar,
1028 2038 1102 2103 dum
1124 2056 1182 2103 nee
1202 2038 1257 2103 ob·

96 2138 312 2219 nasequiomm
346 2156 485 2203 meorum
509 2140 644 2221 perlator
677 2140 822 2205 existeret
855 2157 913 2205 nee
940 2141 1098 2222 sospitatis
1133 2145 1255 2207 uestrae

131 2240 329 2324 digressurus
344 2240 425 2307 bona
447 2258 672 2325 eognoseerem.
698 2262 766 2309 eooe
782 2244 948 2325 utrumque
971 2243 1054 2309 itone
1077 2243 1160 2309 bona
1181 2262 1256 2310 oon-

131 2343 243 2409 oessit:
258 2346 362 2427 aoeepi
377 2345 492 2427 pariter
507 2345 623 2411 indioia
640 2347 750 2427 optata
760 2364 839 2429 quae
850 2348 948 2412 refero
964 2350 996 2412 ot
1012 2366 1071 2413 uno
1087 2349 1255 2430 eodemque

131 2450 273 2530 tempore
288 2464 464 2531 regressum
478 2465 529 2511 me
545 2448 583 2511 de
594 2448 727 2531 Alpibus
743 2447 857 2514 Gottiis
874 2453 907 2514 et
921 2449 1101 2515 Ranemrde
1116 2450 1255 2534 significo

130 2550 192 2615 iter
215 2549 427 2631 adrepturum.
458 2553 545 2617 orate
569 2552 605 2614 ut
626 2551 719 2615 uariis
741 2551 883 2617 laborum
914 2554 1030 2617 iaotato
1052 2554 1256 2619 inoommodis

93 2651 318 2733 upatientiam
341 2671 491 2736 supernae
513 2652 738 2719 benedictionis
763 2673 875 2719 munus
897 2654 1053 2719 infundat.
1076 2674 1126 2720 me
1150 2660 1255 2721 autem

132 2755 213 2837 quod
236 2756 275 2819 ad
299 2756 474 2821 eustodiam
497 2756 616 2839 gratiae
639 2756 785 2822 culminis
806 2758 904 2822 uestri
927 2757 1074 2839 splendor
1102 2759 1254 2843 hortatur,

131 2856 256 2923 facilius
277 2859 366 2924 oredo
389 2876 497 2925 oureus
520 2858 687 2925 fluminum
716 2860 750 2924 iu
773 2859 897 2925 diuersa
917 2861 1056 2926 rouooari
1086 2863 1118 2926 et
1140 2862 1256 2927 reliotis

130 2961 319 3027 fluentorum
334 2961 490 3027 alimoniis
514 2962 621 3027 aether
643 2981 779 3029 uaonum
794 2964 893 3047 pisoes
910 2965 1060 3046 expetere,
1077 2983 1170 3046 quam
1187 2968 1254 3033 tau-

131 3067 234 3128 torum
250 3084 300 3129 me
322 3066 525 3130 inmemorem
541 3066 656 3131 deliota
678 3066 857 3133 restituant.
875 3070 954 3150 quod
977 3069 1127 3149 superest,
1144 3068 1255 3149 uelato,

96 3167 175 3231 romi
191 3166 326 3245 domina,
351 3169 382 3231 et
403 3169 592 3250 redemptori
615 3170 720 3235 nostro
742 3189 799 3252 pro
813 3189 943 3253 persona
964 3172 1100 3253 suseepti
1123 3174 1256 3239 incessa-

130 3269 242 3337 biliter
263 3270 445 3353 supplicate.

233 3430 268 3485 22
289 3432 322 3485 ol.
343 3430 540 3501 Verg.liol.1.
559 3432 593 3487 59

183 3576 334 3661 lappelleo
352 3576 379 3630 Β
466 3577 550 3631 foreas
568 3578 596 3631 Β
683 3578 789 3632 iouente
807 3579 856 3635 Bb
940 3582 1103 3650 dquatinns
1121 3581 1204 3637 M’V

182 3678 337 3735 XXXVIII.
367 3678 531 3735 'liermInae
548 3680 584 3746 L,
611 3680 718 3736 firmino
737 3682 763 3736 T
846 3683 1066 3754 BrontigeretB
1154 3684 1255 3739 ateni-

129 3764 184 3819 iioii
208 3764 235 3820 Β
340 3765 373 3819 10
396 3767 491 3834 genius
514 3768 536 3831 (i
552 3767 585 3819 ies
601 3767 669 3834 rue.)
687 3766 733 3835 lB,
764 3782 848 3835 genna
871 3770 887 3824 b
989 3772 1145 3839 sperantum
1164 3776 1192 3836 (ιι
1210 3770 1255 3825 ssi-

130 3850 212 3905 detar
229 3851 313 3917 rora.)
337 3850 376 3917 Β,
407 3852 571 3920 sperantium
595 3851 649 3906 ΒΤ
758 3853 790 3906 11
814 3854 959 3921 proleritas
983 3854 1011 3908 Β
1113 3856 1255 3925 largitores

130 3936 157 3989 B
251 3936 286 3989 14
304 3936 418 4003 augibar
437 3937 464 3990 Β
548 3952 596 3991 neo
614 3938 642 3991 Β
658 3954 680 3992 s.
693 3939 711 3992 l.
805 3940 837 3993 15
855 3940 997 4008 sospitatis
1014 3940 1043 3994 B
1133 3942 1167 3997 16
1184 3945 1256 3996 utor·

131 4036 181 4090 que
202 4022 237 4075 ΤΙ
332 4020 388 4075 iore
408 4023 442 4077 ΤΙ
541 4024 573 4078 17
591 4024 676 4094 aooipi
694 4024 721 4078 Β
818 4025 851 4080 18
867 4025 947 4080 eotiie
965 4026 997 4092 T,
1024 4028 1116 4082 ooetiis
1133 4028 1169 4093 L,
1196 4030 1255 4098 got·

130 4106 196 4161 thiis
214 4107 231 4160 b
336 4107 367 4161 19
391 4108 562 4178 adreptursm
580 4111 619 4164 Βι
721 4112 837 4166 instator
854 4111 903 4167 Bb
1006 4113 1189 4169 incommodus
1206 4114 1255 4178 3¹,

132 4193 331 4278 omioommodis
350 4194 377 4247 Τ
459 4196 493 4249 22
511 4212 618 4251 sursum
635 4198 719 4266 B(m.
732 4214 818 4253 reos
831 4198 889 4265 tib
975 4199 1009 4254 23
1026 4200 1143 4268 expetire
1160 4200 1187 4254 Β

132 4294 165 4350 24
182 4296 336 4353 imemorem
353 4298 380 4353 L
483 4298 581 4355 dilecta
597 4300 645 4356 Bb
748 4302 819 4372 quod
837 4302 864 4357 L
880 4318 902 4358 a.
920 4302 938 4358 1.
956 4319 990 4357 aa
1008 4310 1067 4358 ont.
