2992 4967
709 332 863 416 Uictoria
882 330 1040 387 Uitcnoie

285 517 503 611 ..gubernaro’
519 522 620 602 Quam
634 524 865 605 suggestionem
880 520 1004 604 legatos
1020 521 1159 603 accipere
1171 518 1324 602 neglexit.
1339 514 1439 582 Simul

306 634 342 696 et
358 628 506 713 populus,
530 628 567 692 ut
587 628 664 693 tunc
686 624 783 703 tieret,
806 626 842 688 ut
863 624 947 708 ignia
968 623 1094 701 erarait,
1118 622 1207 689 ouius
1229 624 1300 687 erat
1321 620 1439 685 clamor

309 731 528 809 intolerabilia,
552 730 605 812 qui
628 727 717 793 nulla
738 728 840 811 pooeet
860 728 980 795 ratione
1002 728 1114 793 sedari.

278 858 299 920 6
354 854 410 935 (ΙΙ,
427 853 462 935 3)
487 850 639 917 Ordinato
660 849 767 931 itaque
783 847 926 931 episcopo
941 846 1090 933 Eugenio,
1113 846 1181 912 uiro
1195 847 1308 911 nancto
1322 846 1441 927 deoqm

308 957 443 1039 accepto,
470 954 616 1021 sublimia
639 955 712 1019 nata
733 954 781 1017 est
802 952 922 1018 laetitia
943 955 976 1016 et
996 952 1147 1035 gaudium
1169 952 1374 1015 cumulatum
1395 953 1469 1013 asts

309 1058 458 1124 ecclesiae
475 1057 534 1123 dei.
549 1056 701 1121 ltrultana
717 1055 889 1121 multitudo
903 1054 1057 1119 catholica
1070 1053 1129 1119 sub
1145 1054 1281 1119 barbara
1294 1052 1442 1117 domina·

308 1164 393 1227 tione
415 1164 452 1227 de
475 1160 670 1225 ordinatione
686 1159 838 1241 pontificia
853 1158 1006 1240 reparati:
1030 1174 1103 1223 nam
1118 1158 1271 1221 maximus
1287 1157 1443 1221 iuuenum

307 1280 456 1330 numerus
490 1268 583 1345 atque
616 1261 920 1327 adulescentularum
951 1262 1081 1328 sibimet
1114 1261 1146 1325 in
1174 1276 1345 1325 commune
1369 1276 1443 1322 con·

308 1367 446 1451 gaudens
475 1365 692 1443 attestabatur,
727 1364 809 1446 quod
839 1384 1010 1447 numquam
1038 1364 1170 1429 uidisset
1196 1366 1386 1448 episcopum
1411 1366 1442 1429 iu

308 1470 420 1534 throno
442 1469 612 1534 sedentem.
650 1468 744 1531 Porro
768 1467 824 1532 ille
845 1468 896 1533 nir
918 1469 968 1533 dei
989 1469 1132 1535 sacerdos
1153 1468 1315 1550 lingentes
1338 1470 1467 1549 coapite

308 1591 363 1655 per
385 1562 650 1637 conuer'aationem
672 1587 799 1652 operum
821 1570 972 1636 bonorum
995 1572 1182 1637 uenerabilis
1201 1576 1233 1635 ot
1248 1573 1441 1636 reuerendus

307 1675 413 1740 haberi
442 1674 537 1739 etiam
566 1672 606 1739 ab
634 1673 689 1753 eis,
723 1675 777 1755 qni
805 1673 880 1739 foria
901 1678 983 1753 aunt,
1018 1675 1050 1739 et
1070 1675 1116 1739 ita
1138 1692 1205 1739 caeo
1227 1673 1266 1738 ab
1290 1673 1439 1739 omnibns

308 1779 427 1862 gratus,
461 1780 506 1852 ut,
529 1778 556 1841 si
578 1776 626 1841 faa
654 1782 745 1853 esset,
781 1776 917 1841 animam
945 1796 1034 1842 auam
1061 1794 1115 1859 pro
1141 1779 1249 1842 eodem
1272 1778 1439 1842 uniuersos

278 1890 420 1963 'iponere
442 1880 616 1947 delectaret.
650 1879 851 1961 Elemoaynas
872 1898 992 1962 quoque
1014 1880 1095 1945 tales
1116 1898 1173 1961 per
1194 1900 1266 1944 eum
1291 1880 1439 1944 domium

308 1983 452 2065 dignatus
468 1986 515 2045 est
530 1982 638 2057 lacere,
663 1986 698 2045 ut
713 1981 894 2048 incredibile
908 1983 1053 2049 uideatur
1068 1986 1156 2048 tanta
1170 2002 1242 2047 oum
1257 1983 1466 2065 inpendero,c

308 2087 361 2151 urbi
384 2084 515 2149 ecclesia
537 2088 639 2149 totum
661 2084 804 2149 barbarie
828 2087 1005 2152 tenentibus
1021 2106 1060 2151 ne
1074 2087 1166 2150 unius
1181 2086 1307 2149 nummi
1321 2084 1437 2149 habere

308 2187 507 2271 cognoscitur
520 2187 714 2253 facultatem.
731 2189 955 2256 Humilitatem
967 2193 1000 2256 in
1011 2191 1076 2274 illo,
1092 2190 1265 2267 caritatem,
1282 2190 1438 2271 pietatem

307 2290 460 2357 diuinitus
484 2292 704 2369 condonatam,
726 2294 753 2358 oi
776 2293 939 2375 quiequam
961 2292 1099 2377 incipiat,
1123 2310 1184 2357 non
1202 2294 1322 2373 poterit
1336 2292 1436 2374 expli·

307 2414 386 2460 care.
424 2394 560 2459 Pecunia
589 2396 671 2477 apud
699 2414 771 2461 eum
798 2414 970 2478 numquam
1000 2397 1149 2462 mansisse
1179 2398 1340 2478 probatur,
1378 2396 1435 2461 nisi

308 2497 387 2563 forte
410 2498 469 2563 tali
492 2497 567 2563 hora
581 2497 753 2577 offerretur,
776 2502 898 2580 quando
912 2501 976 2564 iam
991 2499 1038 2564 ool
1056 2499 1118 2563 diei
1133 2499 1291 2581 explicans
1307 2516 1463 2563 aureuma

272 2618 276 2630 ’
307 2600 467 2665 nocturnis
489 2600 627 2665 tenebris
650 2602 791 2666 ordinem
807 2602 895 2666 daret
910 2603 942 2666 et
958 2602 1068 2667 locum.
1092 2602 1227 2667 Tantum
1242 2603 1434 2675 reseruatat,

310 2708 461 2785 quantum
484 2703 545 2768 diei
568 2703 734 2782 sufficeret,
758 2722 820 2768 non
841 2707 993 2785 quantum
1008 2705 1162 2787 cupiditas
1177 2704 1357 2786 expetisset,
1380 2706 1436 2769 deo

278 2808 413 2878 8n0stro
442 2805 573 2872 subinde
605 2808 717 2873 cotidie
739 2808 878 2889 ingentia
898 2812 931 2872 et
953 2808 1071 2873 maiora
1093 2809 1238 2873 donante.
1277 2806 1340 2872 Sed
1364 2824 1436 2871 cum

308 2908 391 2973 lama
427 2909 493 2973 eius
528 2913 610 2973 esset
639 2909 770 2973 celebria
797 2912 890 2991 atque
919 2910 1099 2987 manifesta,
1133 2913 1302 2991 coeperunt
1329 2908 1437 2974 exinde

310 3009 515 3075 limianorum
538 3011 675 3094 episcopi
698 3012 819 3076 inuidia
840 3013 929 3095 graui
945 3014 1090 3095 torqueri,
1115 3012 1281 3077 cotidianis
1296 3017 1330 3077 et
1344 3030 1463 3089 prae-a

301 3115 400 3193 'cipue
440 3130 510 3177 eum
544 3112 649 3197 cyrila
688 3113 854 3178 calumniis
886 3116 1081 3180 insectantes.
1119 3114 1200 3193 Quid
1233 3114 1435 3197 plurimum?

359 3318 459 3371 2tunc
477 3332 527 3371 ceo.
546 3315 582 3371 W
682 3316 907 3372 3intollerabilio
923 3318 988 3372 Vco
1090 3318 1266 3373 lordicatur
1282 3318 1366 3373 B¹V¹
1394 3335 1436 3373 or·

306 3404 414 3459 dicator
435 3403 467 3457 0·
498 3403 622 3457 ordinatu
640 3402 679 3457 Β1
781 3405 1011 3459 5cornmulatum
1029 3405 1147 3461 BV¹W¹
1249 3404 1433 3460 lidominatio

308 3492 335 3545 P
419 3490 748 3558 ‘inumeruaiuucuumd
834 3492 1024 3561 ssgaudenali
1108 3489 1368 3559 lladtoetcbaturlt

308 3576 340 3629 12
366 3574 438 3629 abari
461 3575 509 3631 W¹
611 3579 681 3629 easet
707 3576 844 3633 BVO¹W
943 3578 977 3631 ab
999 3578 1092 3648 οιιι.β
1194 3578 1229 3633 13
1252 3576 1351 3631 eisdem
1374 3577 1435 3630 urri-

307 3662 390 3716 uoraia
408 3662 423 3715 b
517 3661 548 3716 14
566 3660 721 3715 elemosinas
740 3664 806 3731 oW
827 3662 1002 3717 holemoninas
1020 3665 1037 3731 β
1124 3664 1156 3717 17
1173 3664 1330 3731 agnoscitur
1347 3664 1366 3732 β

307 3748 340 3801 18
358 3746 382 3800 ai
399 3748 550 3816 quiequam]
569 3772 609 3801 aa·
626 3748 750 3817 uiequam
767 3749 807 3814 B,
835 3750 884 3805 aad
900 3765 943 3819 unq
960 3751 1105 3805 marniae
1121 3750 1298 3816 manifectatio
1332 3748 1433 3818 niquis

306 3833 433 3902 inspiciat
449 3838 478 3887 a*
565 3836 599 3889 19
616 3836 752 3904 pecuniam
770 3834 920 3891 BVOW¹o
1007 3852 1153 3906 numquam
1171 3853 1222 3892 ora
1239 3854 1259 3888 α
1287 3851 1342 3889 nou
1357 3850 1432 3889 mau-

305 3920 421 3975 eioeaM
435 3920 563 3975 mancione
575 3938 627 3975 non
639 3922 710 3975 c’oL
806 3920 1059 3977 aoouemmturss
1075 3922 1237 3977 olferetnrO
1320 3921 1431 3989 erptiam

305 4004 492 4061 BVanro
519 4007 661 4075 explicaret
678 4024 784 4061 cursum
797 4014 826 4061 et
838 4024 871 4061 o:
894 4024 962 4062 acm
973 4008 1104 4077 explicato
1115 4024 1193 4061 cursu
1210 4006 1227 4064 ,2
1327 4007 1361 4060 21
1378 4020 1430 4059 aar·

306 4089 388 4143 nabat
406 4108 424 4144 a
527 4092 560 4144 22
578 4094 681 4161 quantu
699 4095 848 4162 (poetnonl
866 4093 905 4148 W
1002 4094 1036 4147 23
1054 4094 1331 4163 maioraotiugontia
1346 4110 1366 4147 ι

305 4174 340 4230 24
356 4176 422 4245 eiua]
441 4176 467 4231 ei
484 4176 520 4230 M
620 4178 739 4249 celebris]
759 4178 857 4249 ubique
873 4179 1019 4249 celabriali
1120 4180 1156 4234 26
1172 4194 1235 4234 cum
1252 4178 1352 4249 cyrila]
1369 4194 1428 4231 curu

305 4259 393 4315 cirilla
411 4262 448 4315 Μ
474 4264 585 4333 cyrileaa
604 4266 699 4334 errmd
728 4266 872 4321 cotidiania
889 4280 948 4319 erum
966 4268 996 4320 ot
1012 4279 1038 4334 p.
1058 4266 1146 4320 cirilla
1161 4281 1182 4319 o
1283 4265 1329 4334 qni
1352 4264 1390 4318 W
