2992 4967
470 375 707 445 Epistularum
725 375 853 432 liberi.
1179 381 1222 450 ᾖ

98 566 298 652 principium.
327 585 424 651 paens
454 568 538 632 enim
560 569 620 633 sibi
640 568 734 633 debet
757 568 919 654 angustias
941 587 1013 635 suas
1035 569 1090 652 qui
1111 587 1219 637 sunm

98 673 237 756 relegere
259 672 414 736 banaaota
435 689 497 736 nou
518 670 647 756 refugit.
666 671 735 753 quis
750 671 790 736 ad
805 670 922 736 ualeam
936 671 1103 754 perdnotae
1115 673 1219 740 anxie·

97 778 181 841 tates
204 791 275 839 snas
298 778 419 858 reparet
441 773 653 857 intempestiui
675 772 860 840 neooesitate
882 774 1060 840 sermonis?
1088 775 1143 840 sed
1164 793 1221 842 uo·

97 879 221 945 bissum
239 877 315 942 mibi
338 882 370 942 et
392 895 462 943 rum
484 875 641 961 proposito
663 895 768 942 rorum
789 877 864 946 fides
883 882 939 958 est,
961 877 1075 960 quibua
1090 879 1219 946 debetur

73 981 131 1046 ein
155 981 356 1063 replioatione
383 997 418 1045 er
447 997 640 1063 quacumque
667 997 761 1046 oense
787 980 961 1047 sinceritas.
996 981 1098 1065 patior
1119 980 1220 1048 libens

97 1084 222 1149 aculeos
245 1084 382 1148 reuoeati
405 1083 563 1167 maeroris,
587 1084 752 1150 dummodo
774 1083 905 1148 ueritati
919 1084 965 1149 nil
986 1085 1101 1168 pereat,
1126 1086 1158 1149 et
1179 1102 1219 1148 ne

97 1207 154 1271 per
167 1188 282 1253 uitium
297 1191 422 1252 tenerae
438 1187 554 1251 mentis
570 1187 715 1270 peginam
733 1186 869 1251 falsitate
886 1186 1094 1261 dehonestem,
1110 1189 1219 1268 sponte

97 1290 163 1356 fero
187 1291 268 1372 quod
290 1291 397 1355 refero.
422 1289 521 1354 saneti
543 1289 676 1372 episeopi
699 1289 798 1372 patria
820 1289 918 1355 nestri
931 1308 1027 1373 prope
1041 1290 1073 1353 in
1089 1289 1219 1355 dubium

96 1394 180 1462 selus
204 1393 335 1459 deducta
356 1413 406 1460 me
429 1393 539 1476 tonuit,
562 1393 597 1458 in
619 1391 705 1458 cuins
727 1392 918 1478 aegritudine
941 1391 1084 1474 quamuis
1106 1393 1218 1458 ounma

61 1495 309 1564 ¹⁰inlaerimaret
331 1496 472 1574 eeclesia,
496 1515 547 1560 me
569 1499 675 1560 temen
697 1495 839 1578 specialis
861 1513 982 1560 maeror
1004 1493 1138 1578 adflixit,
1164 1496 1218 1578 qni

96 1601 164 1666 eins
187 1599 282 1666 debeo
304 1599 375 1684 plus
399 1601 505 1666 amori.
528 1597 595 1664 uidi
609 1616 716 1682 paoem
739 1597 878 1664 oiuitetis
893 1603 1044 1682 urguente
1065 1595 1219 1666 disoordia

96 1703 182 1770 urbis
203 1707 327 1768 nostrae
350 1703 460 1769 limina
480 1702 747 1768 transcendentem
772 1708 802 1766 et
825 1702 864 1766 ab
886 1701 983 1768 oeulis
998 1700 1114 1768 nostris
1130 1701 1217 1784 qnasi

95 1805 248 1870 insertum
275 1805 398 1890 aliquod
431 1806 486 1870 aut
518 1823 632 1888 uagum
669 1823 784 1870 numen
817 1805 964 1888 elapsam.
997 1805 1050 1870 sed
1082 1803 1217 1870 suffioiat

95 1907 240 1974 tristibus
269 1908 380 1974 striata
402 1909 545 1976 namatio.
583 1909 647 1974 iam
676 1909 715 1973 ad
740 1907 855 1974 bonam
883 1907 1096 1976 ualitudinem.
1117 1907 1216 1974 saneti

60 2009 194 2093 epatris
217 2011 300 2076 salus
322 2011 454 2094 optanda
476 2011 508 2076 et
530 2011 687 2096 diligenda
713 2011 855 2094 respirat.
884 2028 960 2076 nam
974 2008 1030 2076 ubi
1044 2030 1133 2078 mens
1147 2027 1217 2076 mea

97 2115 135 2180 ad
165 2115 330 2180 stationem
353 2114 464 2192 rediit,
495 2115 605 2180 statim
627 2116 712 2178 iussa
734 2115 878 2198 respexit.
914 2131 1025 2197 pueros
1047 2112 1214 2191 destinam,

97 2217 150 2300 qui
172 2216 258 2280 fideli
280 2235 330 2281 me
346 2220 382 2282 de
398 2217 602 2300 prosperitate
625 2216 773 2284 culminis
795 2217 894 2281 uestri
908 2216 959 2280 uel
974 2216 1072 2282 totius
1088 2220 1215 2282 sanotae

95 2321 205 2384 domus
234 2318 381 2384 relatione
410 2320 606 2404 perdoceant.
644 2319 759 2402 pendeo
789 2337 895 2384 rursus
918 2319 950 2384 et
972 2319 1054 2384 inter
1075 2337 1162 2404 spem
1185 2328 1216 2382 et

94 2424 215 2490 metum
227 2421 325 2488 dubia
338 2423 554 2488 aestimatione
570 2422 747 2505 distringor,
765 2423 815 2488 oui
829 2439 955 2487 neeesse
970 2424 1017 2487 est
1032 2421 1069 2486 da
1086 2421 1214 2487 alterius

61 2525 232 2606 sperantis
262 2543 329 2590 esse
356 2527 558 2610 prosperitate
588 2525 767 2592 sollieitum.
805 2525 874 2606 quis
901 2525 941 2590 ad
964 2542 1055 2590 ouras
1075 2543 1215 2590 measse

92 2627 255 2712 porrigat?
278 2627 345 2711 quis
360 2633 462 2694 aestus
478 2629 673 2712 aequiperare
688 2627 793 2692 ualeat
808 2625 868 2693 tali
882 2625 1034 2693 diuisione
1050 2626 1215 2694 distracti?

92 2731 146 2796 sed
175 2731 253 2796 baeo
281 2731 320 2798 ad
349 2732 441 2796 deum
468 2731 580 2801 iustius
610 2729 821 2812 reportentur,
848 2733 936 2794 ouius
959 2729 1143 2796 elementiae
1166 2733 1213 2794 est

94 2833 169 2900 uota
200 2833 324 2902 uincere
358 2833 590 2916 supplicantum
623 2836 654 2900 et
687 2832 912 2901 fluotnantibus
946 2834 1071 2916 portum
1106 2851 1213 2916 parare

93 2936 264 3004 desideriis.
306 2937 434 3002 interim
466 2936 505 3000 ad
539 2954 630 3002 nsum
663 2938 804 3000 reuertor
840 2936 1041 3017 querelarum.
1085 2934 1214 3018 paginas

60 3041 214 3106 asuestras
243 3039 314 3127 iliao
347 3057 397 3104 mo
425 3055 555 3122 suggero
584 3037 732 3122 subsequi
761 3037 905 3104 debuisse
934 3038 966 3100 et
993 3037 1033 3104 ad
1065 3037 1213 3104 solaoium

93 3161 199 3210 moram
230 3139 282 3208 uel
303 3143 428 3226 propter
451 3145 606 3208 reoentem
627 3142 813 3223 petitionem
835 3142 952 3224 scripta
972 3143 1145 3226 prorogari,
1175 3159 1214 3209 ne

143 3434 156 3486 l
186 3445 251 3500 pene
279 3429 333 3488 TV
449 3430 529 3486 debet
554 3430 607 3486 sibi
631 3429 753 3487 ΜΨ
780 3434 860 3496 (sorr.
886 3448 921 3488 m.
945 3436 961 3485 1
986 3433 1020 3486 e'ee
1042 3431 1143 3497 ΜΨ)

91 3523 273 3621 anosifugit
295 3551 322 3606 V
340 3567 407 3607 corr.
426 3556 495 3605 m.1
597 3551 747 3621 anxietates
765 3553 793 3606 L
894 3551 1033 3622 disparet
1050 3552 1079 3618 (i.
1098 3567 1119 3607 e
1138 3566 1211 3620 repa·

91 3659 174 3723 reret)
205 3655 231 3707 Τ
329 3653 487 3710 euersa
589 3654 686 3724 quibus
712 3657 738 3711 T
761 3657 794 3710 in
811 3671 866 3710 raa.
884 3657 959 3709 m
1060 3653 1211 3709 dmeroria

93 3760 216 3824 BPTV,
250 3759 363 3816 meroris
381 3773 414 3816 ee
431 3757 621 3814 memoriali}
644 3774 713 3816 oorr.
816 3758 937 3814 transtri
954 3757 1001 3813 Pb
1107 3757 1212 3827 tegri-

92 3881 187 3935 eunna
205 3878 233 3935 a
324 3879 357 3936 10
373 3893 459 3936 meror
476 3878 539 3945 nr,
556 3893 656 3935 mor-er
677 3879 703 3934 r
792 3878 821 3934 11
841 3877 996 3946 agonen
1080 3851 1213 3963 merui

100 3983 410 4054 Varepraecrm
512 3983 545 4036 13
568 3997 665 4054 aeguum
687 3981 874 4038 Tabim
976 3981 1212 4038 lestricterer

91 4100 145 4140 rae.
161 4101 197 4139 rr.
216 4087 237 4140 2
335 4087 367 4140 19
385 4085 542 4142 stematione
559 4086 587 4142 B
681 4085 714 4142 21
733 4084 827 4172 gaequi
842 4098 932 4152 perere
949 4084 986 4148 Β,
1009 4083 1131 4156 equipare
1150 4085 1209 4151 PT,

92 4205 264 4274 aequiparare
283 4206 299 4259 b
401 4203 438 4260 bd
452 4195 522 4258 'snm
541 4203 569 4258 B
666 4206 835 4274 querelarum
852 4202 889 4267 L,
907 4202 1096 4270 qnaerillarum
1115 4203 1142 4256 B

91 4307 123 4361 25
142 4307 269 4362 eolaoium
288 4307 353 4374 PV,
377 4308 504 4363 solatium
522 4309 623 4363 BLTb
724 4307 760 4361 26
777 4305 876 4360 eoribta
893 4304 920 4357 B
