2992 4967
286 353 328 426 36
641 354 758 422 Magni
774 354 903 409 Felicia
920 356 1054 412 Ennodi

285 547 384 612 noscit
410 549 442 612 in
470 547 605 611 senium:
641 549 688 609 ost
710 544 820 609 domus
842 563 921 627 quae
942 546 1086 629 lymphas
1118 547 1153 612 in
1174 551 1306 616 metalla
1336 571 1412 618 con-

284 652 387 715 uertet
410 649 441 715 et
463 652 569 714 contra
602 651 745 712 naturam
779 649 956 732 gurgitibus
986 668 1044 715 sua
1064 651 1133 734 loge
1154 651 1348 719 dominetur:
1372 658 1410 720 tu

284 759 389 818 tamon
411 755 492 820 inter
513 752 575 818 ista
596 753 641 817 sio
670 751 777 817 uiuere
807 751 928 830 dicaris,
958 755 1046 834 quasi
1077 753 1158 837 ignia
1191 757 1264 820 tuns
1291 757 1410 841 algoris

283 857 403 940 pabulis
436 856 591 921 irritetur.
636 872 693 937 ego
715 857 747 920 to
770 873 821 920 ore
853 857 990 938 parentis
1021 856 1161 936 stimulo,
1195 858 1269 942 quia
1289 859 1353 924 tibi
1374 862 1409 925 ot

282 961 439 1042 proposito
461 977 529 1024 meo
552 977 657 1023 uocem
673 957 771 1023 dobeo
793 959 989 1041 castigantis.
1012 964 1152 1024 uestrum
1169 963 1219 1026 est
1232 965 1305 1044 post
1319 961 1444 1041 haece

281 1062 447 1146 sieligitis
481 1061 603 1126 litteras
635 1079 720 1126 mnas
755 1060 931 1143 frequenter
951 1063 1099 1145 accipere,
1132 1064 1171 1128 de
1193 1063 1404 1130 admonitione

281 1167 444 1249 gratulari.
479 1182 534 1248 ego
556 1166 661 1230 nutem
689 1169 812 1247 praeter
839 1167 902 1230 ista
930 1185 1001 1231 cum
1029 1166 1144 1232 honore
1172 1166 1303 1233 salutati
1326 1187 1406 1251 quae

281 1269 414 1334 scribere
436 1268 553 1350 possim
568 1269 601 1332 in
616 1269 672 1333 illa
687 1269 789 1332 carnis
811 1285 904 1350 quam
919 1273 955 1334 tu
970 1269 1076 1353 diligis
1098 1271 1201 1336 oluuio
1220 1271 1407 1337 uiuentibus

280 1389 340 1438 uon
362 1392 478 1438 inueni.

790 1475 888 1539 XXV.
1414 1503 1440 1541 ro

517 1593 699 1651 ENNODIVS
722 1593 878 1649 OLYBRIO
901 1593 946 1648 ΕΤ
969 1593 1161 1650 EVGENETI.

321 1700 478 1765 Desiderio
500 1701 684 1782 paginarum
706 1700 881 1762 uestrarum
904 1699 987 1763 iacta
1008 1701 1056 1764 ost
1070 1699 1148 1763 mihi
1169 1701 1301 1782 prodiga
1316 1699 1403 1766 frons

276 1801 410 1885 pudoris,
430 1805 462 1867 ot
477 1803 552 1867 dum
574 1801 692 1866 tabella
713 1800 871 1883 promittit
892 1801 1089 1883 promulgata
1102 1819 1295 1884 responsum,
1318 1805 1403 1869 intra

277 1907 485 1971 uerecundum
518 1907 675 1988 penetrale
709 1921 862 1968 annosam
897 1906 1055 1970 continere
1089 1905 1189 1970 nescit
1220 1905 1400 1972 infautimn.

276 2010 418 2076 deberem
433 2011 559 2092 quidem
574 2009 720 2090 sanguini
737 2010 769 2073 et
782 2009 941 2090 proposito
954 2009 1071 2074 silentii
1085 2010 1296 2086 uenustatem
1312 2014 1400 2092 post
1409 2035 1434 2074 rs

276 2131 370 2195 quam
392 2115 457 2196 spei
479 2130 565 2178 meae
580 2111 718 2175 fructum
739 2112 841 2194 prima
861 2130 1016 2196 uogauere
1029 2112 1201 2194 conloquia.
1225 2113 1280 2178 aed
1295 2114 1400 2179 nescio

274 2220 382 2282 utrum
403 2216 486 2280 mals
507 2215 648 2296 pertinax
670 2214 825 2279 iudicetur
845 2214 985 2291 intentio,
1009 2233 1088 2296 quac
1110 2215 1177 2280 sine
1198 2216 1327 2282 alterius
1350 2216 1400 2282 di·

274 2319 411 2402 spendiis
434 2317 587 2382 sollicitae
602 2334 657 2398 por
672 2335 808 2382 amorem
823 2317 1027 2400 experientiae
1051 2317 1169 2399 pericla
1194 2318 1396 2401 multiplicat.

274 2424 386 2502 uelato,
404 2421 450 2485 mi
464 2420 592 2495 domini,
609 2424 639 2484 et
655 2423 693 2485 ed
708 2420 881 2503 scriptionis
896 2439 1020 2485 mecum
1033 2423 1171 2488 remeato
1187 2421 1396 2500 concordiam,

274 2545 312 2590 ne
335 2528 443 2590 contra
475 2523 629 2605 euangelii
659 2523 783 2588 faciatis
806 2525 933 2601 monita,
955 2523 983 2586 si
1006 2527 1039 2589 et
1060 2524 1280 2606 inportunitati
1302 2527 1432 2592 dene-ro

272 2630 353 2711 gatis
376 2628 457 2710 quod
477 2629 557 2694 iusto
578 2627 708 2694 forsitan
730 2629 916 2710 inpetrasset
936 2627 1072 2692 affectio.

777 2783 893 2846 XXVI.

407 2879 419 2932 f
655 2902 837 2957 arnonius
863 2899 1010 2954 ravano.

314 3011 404 3076 Votis
427 3015 458 3076 et
481 3010 643 3075 desideriis
677 3007 829 3073 satisfacit
861 3007 984 3089 pagina,
1017 3024 1097 3089 quae
1120 3005 1201 3090 apud
1233 3011 1393 3074 amantem

270 3115 367 3178 uestri
390 3113 626 3179 necessitatibus
647 3111 757 3176 alionis
779 3112 918 3194 praestat
933 3107 1125 3192 obsequium.
1148 3127 1242 3191 quam
1263 3111 1428 3191 nollemus

320 3301 335 3352 1
353 3299 395 3352 eiu
416 3300 440 3350 Τ
548 3301 589 3351 eet
609 3297 635 3350 Τ
649 3297 680 3350 io
696 3312 753 3351 roa.
865 3295 963 3364 lymfas
980 3295 1069 3359 BPV,
1096 3293 1188 3348 limfae
1206 3295 1246 3362 L,
1272 3296 1389 3366 limphas

271 3385 296 3437 P
393 3384 527 3438 conuertit
553 3383 634 3438 Siros.
746 3384 764 3436 2
789 3382 941 3436 dominatur
968 3383 1049 3437 sirm.
1161 3381 1178 3434 3
1203 3383 1267 3436 tuos
1292 3383 1321 3436 Β

265 3470 422 3524 dirritetur
440 3470 501 3535 LV,
528 3469 679 3523 nutriretur
703 3469 727 3520 T
827 3484 873 3522 oro
891 3471 907 3522 b
925 3475 950 3523 et
968 3469 1051 3524 Sirra.
1162 3467 1278 3525 bdebeo
1297 3485 1387 3524 uocem

266 3555 347 3610 Simo.
456 3555 597 3624 delegitia
614 3555 642 3608 Β
753 3555 858 3609 litteras
879 3557 931 3609 Pa
947 3557 980 3610 ia
997 3572 1054 3610 roo.
1166 3557 1319 3624 munitor
1336 3571 1386 3610 ona

266 3643 312 3698 Pb
414 3640 606 3696 ammonitione
633 3641 661 3705 T,
689 3641 838 3695 monitione
861 3642 908 3694 Pb
1009 3642 1146 3710 8diligea
1170 3641 1198 3695 Β
1299 3641 1388 3696 clunic

264 3745 312 3783 em.
332 3727 428 3795 Sobot,
456 3726 570 3782 ellubiac
589 3726 650 3790 LV,
677 3726 776 3780 ellubie
793 3727 893 3781 BPTb

314 3829 398 3884 XXV.
434 3829 467 3882 12
485 3829 608 3898 prodigia
626 3829 653 3882 L
758 3829 791 3882 13
808 3828 902 3882 tabula
920 3828 1001 3884 Siros.
1105 3830 1139 3882 14
1156 3829 1305 3884 uerecunda
1326 3831 1385 3886 Vu

261 3918 294 3970 io
311 3931 367 3970 roe.
459 3915 589 3983 ponitrale
607 3915 635 3968 Β
732 3916 764 3970 16
782 3915 916 3984 colloquia
933 3914 1015 3969 ΒΝ
1105 3916 1139 3970 18
1155 3915 1270 3969 sollicite
1288 3915 1317 3969 Β

262 4002 379 4071 pericula
404 4001 451 4055 Pb
572 4001 606 4058 19
630 4001 688 4056 uala
709 4002 740 4068 Τ,
767 4002 855 4055 ualete
873 4017 935 4069 orgo
954 4001 982 4055 Β
1082 4002 1136 4056 moi
1161 4001 1177 4055 b
1279 4001 1383 4057 domino

262 4087 364 4142 P¹TV¹
391 4089 416 4156 (a
432 4088 465 4141 in
482 4087 491 4139 i
509 4102 580 4141 corr.
600 4087 626 4141 V
645 4103 679 4142 m
698 4089 724 4155 1)
836 4087 990 4142 scribtionia
1016 4088 1044 4141 B
1157 4087 1193 4142 20
1217 4103 1267 4142 nec
1293 4089 1320 4142 P

260 4175 293 4228 21
312 4173 377 4244 quid
394 4176 433 4242 Β,
463 4175 526 4243 quia
546 4174 570 4227 T
669 4173 793 4228 forsitam
810 4175 838 4228 Β

311 4277 409 4335 XXVI.
443 4277 478 4332 24
496 4277 646 4332 satisfaciat
663 4277 812 4332 L¹PTV¹b
833 4269 838 4278 ’
