2992 4967
460 346 698 417 Epistularum
719 347 808 402 liber
826 347 859 402 V.
1161 351 1223 417 143

91 557 229 623 cumque
258 536 407 621 strepitus
436 556 515 621 quae
543 537 660 621 gloriae
682 538 757 603 tneo
778 540 948 619 potnerunt
974 534 1138 603 conuenire
1160 554 1223 601 non

90 646 189 709 taoni.
214 643 297 709 iacta
312 643 360 707 est
374 641 429 705 lux
443 642 526 725 genii
548 640 647 707 uestri
662 642 869 707 conscientiae
885 657 972 707 meae
988 639 1222 706 demonstratio.

89 747 206 828 procul
228 747 352 811 auertat
374 742 533 823 diuinitas,
557 763 595 809 ne
618 762 768 826 umquam
790 744 969 810 testimonio
984 760 1053 809 meo
1069 741 1223 826 fragilitas

90 849 192 915 claris
207 847 348 915 moribus
364 846 491 913 inimica
505 846 668 929 subripiat.
693 848 783 915 nulla
797 849 845 913 est
860 866 955 932 qnam
966 846 1067 931 opime
1081 845 1223 911 texuistis

67 952 127 1017 sin
151 951 244 1019 nobis
269 951 382 1017 erroris
405 970 508 1030 eausa,
532 969 627 1033 qnam
649 953 797 1029 recolam,
817 955 851 1016 et
873 951 899 1016 si
921 968 977 1034 pro
998 950 1079 1016 meis
1101 949 1223 1016 meritis

91 1054 264 1133 extitisset,
281 1054 434 1121 bonorum
451 1056 593 1121 ueterum
608 1054 820 1121 recordatione
835 1054 998 1137 sopiretur.
1021 1053 1103 1135 qnod
1116 1053 1224 1131 restat,

89 1158 217 1237 nalete,
247 1157 293 1223 mi
316 1157 450 1231 domini,
478 1159 509 1223 et
536 1157 598 1223 iter
625 1176 731 1223 meum
761 1159 905 1223 notorum
932 1154 1127 1239 benignitate
1153 1172 1224 1237 pro-

90 1262 198 1327 secuti
227 1260 368 1327 caritatis
396 1259 607 1326 recordatione
637 1260 797 1325 absentiae
830 1278 919 1325 meae
944 1258 1061 1325 damna
1085 1261 1224 1341 pensate.

609 1431 712 1497 XXII.

55 1581 80 1619 ro
461 1566 647 1624 VLNANTIO
670 1566 862 1623 ENNODIVS.

137 1672 173 1738 Si
197 1671 382 1754 proximitas
409 1672 574 1755 sauguinis
594 1672 633 1737 sd
657 1672 857 1756 diligentiam
879 1676 999 1738 mentes
1022 1671 1155 1749 inuitat,
1181 1673 1225 1755 pii

90 1774 213 1841 amoris
229 1774 396 1841 obsecutus
413 1774 555 1857 imperiis
572 1775 670 1859 gestio
693 1794 743 1839 me
766 1775 929 1857 praeuium
950 1773 1145 1859 praestitisse
1159 1792 1224 1839 ser·

91 1896 221 1943 monem
244 1881 277 1943 et
300 1878 438 1943 ordiinm
460 1880 594 1963 paginas
618 1877 848 1960 amplectendis
870 1879 956 1943 uiam
977 1895 1130 1943 reserasse
1151 1894 1224 1943 con·

93 1981 223 2062 loqniis.
248 1982 301 2045 din
318 1982 443 2063 quidem
459 2000 547 2049 nessa
570 1983 782 2063 expectatione
804 1985 989 2060 maceratus,
1014 1982 1089 2045 dum
1106 1981 1226 2063 operior

58 2083 228 2167 repaginas
259 2100 320 2147 non
350 2084 454 2163 emisi,
484 2086 536 2150 sed
566 2084 737 2151 calcaribus
769 2085 834 2149 suis
857 2084 998 2150 animum
1020 2102 1126 2147 meum
1147 2083 1227 2148 fodit

92 2185 221 2251 affectio
244 2189 277 2251 et
298 2185 337 2252 ed
361 2186 550 2253 tabellarum
565 2189 675 2253 munia
689 2189 821 2270 priorem
845 2187 921 2254 fecit
946 2188 1097 2253 accedere.
1128 2186 1225 2251 habeo

93 2288 364 2372 praerogatiuam,
388 2290 414 2353 si
432 2289 511 2357 bene
526 2290 653 2369 conicio,
678 2292 748 2372 plus
764 2291 909 2368 amantis,
932 2291 986 2372 qni
1009 2293 1039 2353 et
1062 2292 1133 2371 post
1153 2307 1224 2372 pro·
1328 2287 1331 2291 ’

92 2393 229 2456 ductum
264 2390 385 2456 silentii
415 2395 512 2458 nostri
544 2393 683 2458 studium
712 2395 831 2476 loquor,
861 2396 892 2457 et
920 2392 1014 2458 debeo
1041 2391 1226 2457 uerecundia

93 2492 304 2559 conmendare
321 2492 402 2577 qnod
418 2495 512 2559 tacui.
537 2499 754 2571 nuncianae,
778 2514 816 2559 ne
831 2495 1012 2577 epistularis
1029 2494 1226 2560 concinnatio

59 2601 297 2680 ntransgressa
325 2598 495 2663 terminum
526 2599 712 2663 deuennstet
734 2602 909 2677 auctorem,
937 2598 1135 2664 salutationis
1162 2617 1225 2663 ser-

95 2701 180 2766 uitia
203 2701 344 2784 dependo
367 2706 413 2785 et,
442 2702 468 2766 si
491 2720 629 2780 mereor,
661 2700 836 2784 dignationi
864 2703 985 2767 uestrae
1015 2702 1225 2767 conciliandus

95 2822 242 2883 occurro,
273 2805 345 2887 qnia
366 2806 522 2887 potIorum
545 2806 722 2871 sublimitas
754 2808 967 2871 communione
988 2807 1167 2888 geminatur
1195 2806 1227 2869 et

95 2908 198 2973 facem
220 2908 358 2989 praefert
381 2908 626 2973 eminentissimo
648 2909 752 2991 gratia
781 2926 925 2975 concessa
947 2906 1107 2973 subiectis.

602 3078 722 3143 XXIII.

62 3221 85 3261 ²⁵
440 3213 667 3270 CONSTANTIO
689 3213 883 3270 ENNODIVS.

142 3317 176 3385 Si
200 3320 311 3384 liceret
334 3339 405 3385 cnm
427 3320 644 3405 magnitudine
667 3323 774 3385 uestra
795 3339 894 3404 aequa
919 3325 1001 3386 sorte
1024 3325 1174 3404 contendi,
1198 3324 1226 3388 si

97 3421 231 3486 honores
255 3424 343 3486 aetas
365 3424 514 3488 meritum
538 3426 618 3505 qnod
637 3423 726 3488 uobis
749 3423 848 3491 facem
870 3424 1022 3507 praetulit
1043 3443 1099 3489 nos
1116 3444 1176 3491 non
1192 3426 1226 3491 in

151 3609 236 3676 ique
253 3608 289 3672 Β,
317 3608 388 3676 deu
405 3624 430 3676 q:
450 3607 477 3661 L
568 3608 707 3663 tinimioa
720 3608 853 3663 Tierua.
940 3609 1065 3679 subrepat
1076 3612 1150 3679 sort,
1169 3614 1226 3668 nisi

96 3699 184 3747 costen
192 3692 344 3747 testimonii
353 3694 406 3748 mei
411 3694 678 3763 praeferendum
752 3711 806 3764 qna
814 3696 964 3765 opinionem
973 3698 1084 3751 exemtis
1092 3698 1157 3778 fort.

97 3814 237 3869 bmeritie
255 3816 322 3869 meis
341 3815 466 3870 LPTVt
568 3816 584 3869 6
603 3816 741 3870 extetisset
761 3816 788 3871 B
889 3818 905 3870 7
927 3782 1032 3871 dominIe
1050 3818 1092 3885 B,
1119 3819 1227 3876 domiue

98 3900 219 3955 L¹P¹I¹lr
321 3918 410 3956 meum
426 3904 462 3973 n]
480 3906 605 3957 notorum
622 3918 739 3958 meorum
760 3905 786 3959 Τ
886 3905 1036 3975 ddampna
1053 3906 1162 3963 LPI'V

152 4005 241 4061 XXII.
279 4006 310 4061 12
329 4008 414 4073 gestio
432 4008 483 4078 me]
502 4010 651 4078 gestionem
668 4011 695 4065 L
799 4009 832 4063 18
848 4024 978 4063 reseresse
996 4010 1034 4064 L¹
1132 4012 1226 4066 1401-

99 4092 264 4161 spectatione
283 4092 340 4147 LV
421 4096 542 4163 opperior
565 4094 592 4149 V
675 4098 707 4150 16
725 4094 844 4150 accidere
860 4094 888 4147 B
974 4096 1055 4151 habes
1073 4097 1156 4152 Sim

101 4178 134 4231 ll
153 4178 271 4232 conditio
289 4178 316 4233 L
420 4180 452 4233 19
469 4180 629 4249 epistulares
647 4182 675 4235 B
777 4180 812 4234 20
828 4184 944 4236 actorem
965 4183 991 4237 Τ

152 4278 256 4335 XXIII.
292 4282 324 4335 27
343 4281 452 4337 honoris
470 4288 558 4337 aestas
577 4282 604 4338 L
706 4300 761 4339 non
777 4300 828 4339 our.
850 4284 875 4337 Τ
