2992 4967
249 364 315 432 4114
611 366 726 434 Magni
743 364 869 420 Felicis
887 363 1020 419 llnnoii

250 574 361 640 parcus
390 556 561 635 offendam,
591 558 618 621 si
647 572 704 621 uec
731 555 946 621 translationis
978 556 1059 622 feste
1097 576 1155 623 nec
1176 557 1302 624 debitae
1323 554 1394 624 tibi

251 660 353 726 laudm
375 676 489 727 mnnue
512 661 663 725 exoluero.
690 656 877 742 coleseige,
902 658 1039 724 nntmtcr
1053 659 1260 743 profectuum,
1283 660 1339 726 fan
1355 664 1395 726 et

251 764 399 845 splendor
422 762 642 846 ingenuitatis,
666 763 718 844 qui
735 759 853 826 nobilis
868 763 1011 844 germina
1036 762 1198 829 laboriosis
1220 766 1394 848 manile

252 866 383 932 sarculis
406 866 439 931 in
462 864 618 931 fructibus
640 864 717 931 facis
741 863 883 948 agnosci,
909 866 963 947 qui
986 865 1020 929 in
1042 884 1120 931 cano
1142 866 1219 931 flore
1241 867 1394 931 nouellae

251 967 454 1051 posteritatis,
478 970 631 1052 quantum
648 968 766 1033 horreis
782 970 920 1051 paretur,
944 968 1092 1053 ostendis,
1116 972 1171 1053 qui
1192 972 1230 1035 de
1246 970 1394 1036 ferarum
1416 988 1433 1029 s

252 1071 410 1138 cubilibus
435 1077 465 1137 et
488 1073 645 1139 bubonum
676 1071 867 1138 habitaculis
897 1072 937 1135 ad
960 1072 1028 1135 lora
1049 1089 1104 1137 nos
1127 1091 1271 1152 reuocas,
1302 1074 1394 1139 unde

170 1252 182 1273 b
252 1176 386 1241 maiores
408 1191 507 1257 paene
529 1176 594 1240 iarn
619 1175 711 1258 longa
733 1177 838 1239 aetate
861 1175 1074 1239 discesserant.
1097 1178 1258 1241 nonenim
1273 1180 1395 1261 patent

253 1278 381 1344 eruditis
403 1278 472 1343 loca
493 1278 565 1358 ista,
589 1276 700 1361 quibus
716 1278 883 1343 scientiam
907 1294 969 1342 non
983 1276 1296 1359 primoribns'labn's
1317 1280 1394 1363 ipsa

253 1382 451 1447 contulerint.
497 1382 584 1447 cuius
607 1382 691 1445 enim
715 1380 795 1445 tuba
815 1388 1020 1463 cognoscatur
1047 1378 1179 1462 eloquii,
1210 1382 1273 1447 uisi
1296 1382 1393 1447 cuius

251 1486 388 1568 puerilia
409 1484 603 1551 innotuerint
626 1484 807 1549 rudimenta
829 1484 1032 1550 sermonum?
1053 1483 1114 1550 tibi
1137 1502 1211 1569 ergo
1233 1485 1430 1551 debenturn

251 1590 326 1653 baec
349 1586 505 1671 beneficia,
531 1587 612 1670 quod
636 1590 792 1653 citaturus·
810 1595 900 1651 reum
922 1586 1097 1653 causidicus
1111 1589 1195 1652 inter
1214 1588 1299 1653 atria
1320 1589 1392 1654 iam

251 1690 384 1775 probata
407 1690 575 1757 dictionem
598 1690 787 1756 metuendus
800 1692 941 1772 incipiet.
965 1689 1025 1756 tibi
1039 1710 1110 1775 spes
1125 1690 1219 1757 unios
1232 1691 1391 1758 honestae

251 1794 453 1877 professionis
481 1794 697 1873 aisenbenda,
729 1794 815 1878 quoi
839 1794 989 1860 nobilitas
1013 1795 1154 1860 decursis
1181 1794 1270 1860 breui
1300 1798 1391 1861 mm»

251 1898 378 1980 poribus
405 1897 527 1962 liberali
556 1898 665 1963 sudore
698 1897 860 1980 placitura
883 1899 939 1963 eat.
985 1896 1041 1963 sed
1069 1914 1131 1980 quo
1158 1916 1208 1964 me
1238 1899 1390 1982 ignarum

251 1999 368 2063 uirium
391 1999 439 2064 tui
462 1999 545 2083 rapit
568 1998 700 2073 effectio.
725 1998 915 2065 narrsticnis
934 2002 1068 2084 polagus
1089 2019 1153 2065 non
1170 2000 1425 2087 pendentemirs

251 2100 369 2167 sufficit
391 2102 425 2168 in
447 2103 506 2168 loci
528 2103 622 2169 amici
645 2107 678 2168 et
699 2102 763 2169 diei
786 2102 970 2169 celbbritate
992 2106 1070 2169 uota
1085 2104 1248 2170 testatum.
1273 2108 1313 2171 ad
1328 2120 1389 2169 uos

251 2206 406 2287 reuertor,
441 2204 553 2289 qulbus
587 2208 718 2289 paterna
754 2211 926 2272 conuentus
958 2206 1124 2273 affectione
1148 2222 1259 2272 uocem
1288 2206 1388 2272 debeo

254 2309 488 2374 commonentis.
527 2308 647 2374 reddite
670 2326 731 2374 uosx
750 2310 904 2375 studendo
926 2308 1054 2396 origini,
1081 2310 1202 2375 reddite
1225 2310 1388 2376 natalibus

252 2411 401 2477 lectione:
429 2414 560 2479 naturae
584 2413 686 2479 lucem
709 2412 802 2479 iubar
822 2416 971 2479 dictionis
990 2414 1147 2480 ostendat:
1170 2412 1388 2497 multiplicate

252 2512 386 2581 suffectu
409 2517 563 2583 scientiae·
587 2520 753 2600 parentum
775 2518 901 2582 titulos:
932 2519 1042 2583 ornate
1069 2518 1243 2583 eruditione
1271 2520 1421 2583 decores·

252 2618 418 2685 maiorum.
463 2618 544 2685 fului
567 2616 766 2687 nobilitatem
794 2620 918 2686 metalli
946 2620 1009 2686 nisi
1037 2620 1078 2686 ad
1105 2638 1243 2705 unguem
1271 2639 1387 2686 manus

252 2721 348 2787 ducat
370 2721 512 2804 artificis,
541 2726 692 2790 maternis
720 2743 817 2807 paene
845 2722 1019 2791 hebetatur
1036 2723 1173 2791 tenebris
1202 2728 1249 2805 et,
1272 2726 1299 2789 si
1323 2744 1386 2791 ron

120 2880 122 2885 ,
251 2826 402 2909 magistre
416 2826 567 2909 politione
582 2831 777 2907 uenustetur,
794 2824 873 2893 nibil
890 2827 919 2893 ei
933 2828 1061 2911 prodest
1075 2826 1265 2906 sublimitas,
1289 2846 1386 2911 quam

251 2946 332 2993 uene
353 2930 548 2994 concesserit.
586 2928 754 2995 adiuuatur
777 2929 902 3011 quidem
926 2930 1061 2996 doctoris
1082 2930 1238 2996 instantia
1260 2930 1385 2998 dotibus

252 3032 413 3113 sanguinis
442 3031 632 3112 mundioris,
661 3032 714 3098 sed
743 3030 804 3097 nisi
833 3033 946 3099 limate
974 3051 1035 3099 non
1063 3034 1198 3100 rutilent
1219 3033 1277 3099 illa
1304 3051 1419 3117 quaes

251 3150 283 3198 se
299 3132 424 3217 erigunt
445 3135 665 3217 praerogatiua
678 3134 833 3201 nascendi.
860 3136 1089 3202 incrementum
1104 3140 1256 3203 rusticum
1271 3135 1384 3202 matris

303 3420 416 3477 rnen
508 3422 693 3479 arcese*
789 3424 1016 3496 epngnnum
1107 3426 1257 3481 remmus
1278 3424 1322 3481 νι-

251 3540 268 3595 5
290 3515 400 3629 petetur
417 3542 458 3612 B,
485 3547 596 3615 paratur
614 3543 662 3601 Pb
766 3548 783 3601 6
806 3546 866 3601 forn
883 3547 942 3617 nos]
955 3545 1080 3601 ¹ibrenses
1098 3548 1168 3603 coci.
1187 3543 1318 3603 Situm

251 3643 393 3702 lmeioris
412 3664 493 3719 poene
511 3646 540 3704 B
635 3650 734 3719 putant
752 3649 876 3704 eruditus
894 3649 922 3704 B
1025 3645 1157 3704 elbonis
1179 3646 1207 3704 Y
1306 3650 1382 3704 ico·

250 3734 424 3803 gnosciturb
520 3735 550 3789 11
569 3734 692 3791 benificia
709 3734 737 3791 Β
833 3730 1122 3791 causeiicuaLPPV
1215 3734 1249 3789 12
1267 3734 1382 3792 dictione

254 3820 279 3875 T
380 3820 415 3874 13
438 3818 659 3875 adscribendum
684 3819 712 3876 Β
816 3820 850 3876 14
873 3820 985 3875 liberari
1009 3820 1036 3874 b
1138 3818 1195 3889 sed]
1213 3821 1263 3875 snb
1289 3817 1318 3875 Β

251 3902 284 3959 15
296 3906 484 3975 expendentem
495 3904 684 3974 fortatolibi
695 3920 717 3962 c.
729 3921 755 3978 p.
767 3922 795 3977 p.
807 3910 867 3973 fit,
880 3910 930 3975 135
948 3905 1164 3975 aupomntemi
1248 3906 1377 3977 liucinii

250 3992 279 4049 B
376 3994 409 4049 17
427 3996 584 4052 commutes
602 3994 629 4048 L
694 3995 767 4053 ,19
784 3992 972 4049 lectionemT
1071 3991 1107 4047 20
1124 3991 1239 4047 suffectu
1257 3993 1298 4059 B,
1327 3994 1380 4050 sui·

249 4112 333 4169 recu
356 4114 443 4169 nuso
540 4081 655 4171 21fu¹ni
676 4117 703 4171 n
808 4115 842 4169 an
866 4130 949 4185 poene
971 4114 1012 4181 a,
1038 4128 1106 4183 pone
1123 4113 1208 4170 nur
1307 4114 1379 4173 uua

249 4199 371 4255 uena
472 4201 718 4261 amnuens
821 4202 1020 4271 assues
1124 4201 1377 4270 assummum

249 4287 401 4343 iumentum
418 4288 490 4345 coni
509 4287 638 4344 Schottao
