2992 4967
271 342 354 407 ,150
644 338 762 409 Magni
780 337 910 393 Felicio
926 338 1056 393 Itnnodi

288 531 409 596 oonlute
430 529 588 595 deflexerit
600 528 683 613 xquod
699 530 736 595 de
757 528 881 594 ultimis
895 528 1098 610 adsumptum
1113 530 1238 592 estnon
1253 528 1416 610 sequetur,

287 652 345 699 neo
368 635 443 699 lieet
461 634 601 701 militem
623 633 748 699 obuiam
765 651 895 698 manum
909 631 1041 699 decretis
1058 631 1257 714 imperatoris
1278 630 1417 694 adferre.

289 738 360 803 hino
379 737 511 820 Crispus
534 737 674 803 odseruit
694 736 782 803 aliud
805 735 988 802 nobiseum
1015 736 1078 814 dis,
1109 733 1198 799 aliud
1216 752 1291 800 oum
1313 732 1418 800 beluis

288 858 358 905 esse
379 832 552 907 commune.
581 840 673 906 huius
697 842 809 907 secreti
829 840 952 905 ratione
976 856 1048 903 oum
1067 836 1250 904 absentibus
1276 834 1418 917 peregri·

288 962 400 1009 namur
434 946 466 1008 et
499 944 589 1009 saluo
618 943 833 1010 membrorum
864 940 1041 1008 ualitudine
1077 942 1243 1005 amantum
1273 936 1452 1003 febribuse

289 1050 484 1113 aestuamus:
507 1065 563 1129 per
585 1046 661 1112 haee
683 1047 810 1114 uincula
832 1045 921 1112 nulls
935 1046 1084 1111 itinemm
1098 1042 1316 1109 interiectione
1330 1040 1419 1105 diui-

288 1150 394 1213 dimur
415 1154 446 1215 et
468 1149 626 1233 segregati
652 1148 840 1215 habitaculis
870 1149 904 1214 in
932 1166 1030 1212 unum
1060 1145 1175 1211 studiis
1198 1143 1418 1210 eonnenimus.

288 1255 386 1331 nosti,
417 1270 502 1317 soror
523 1252 712 1317 uenerabilis
741 1255 774 1316 et
796 1269 921 1317 omnem
944 1250 1026 1333 apud
1053 1268 1104 1313 me
1126 1251 1321 1331 transgressa
1342 1248 1420 1313 dul·

288 1356 446 1435 astinem,
482 1374 561 1438 quae
591 1354 815 1437 praefationem
843 1354 994 1438 exegisset
1021 1352 1150 1419 ooeasio.
1195 1370 1277 1417 nuno
1304 1356 1419 1435 aperta

287 1460 392 1523 teoum
419 1460 451 1525 et
478 1458 608 1541 prodiga
635 1458 762 1541 pudoris
790 1459 895 1523 fronte
922 1457 1113 1540 oongrediar.
1156 1455 1210 1521 uix
1239 1474 1319 1538 queo
1340 1459 1450 1520 anteo

285 1560 441 1635 direxeras
464 1561 675 1651 blandimenta
696 1562 847 1627 sustinui:
873 1564 944 1645 post
964 1560 1206 1627 admonitionem
1228 1576 1333 1624 meam
1354 1561 1418 1623 dn·

282 1662 382 1745 plieis
402 1662 434 1729 in
458 1663 575 1729 litteris
597 1663 693 1729 mella
711 1664 832 1743 fudisti,
856 1682 935 1746 quae
957 1664 1025 1729 tota
1044 1663 1179 1746 peotoris
1199 1662 1321 1727 semota
1343 1679 1417 1727 oon-

287 1767 428 1831 outereut
449 1768 483 1830 et
509 1768 551 1833 ad
573 1766 759 1832 desiderium
784 1768 834 1833 tni
860 1766 1017 1850 mptiuam
1037 1765 1177 1831 enimam
1204 1764 1319 1829 relicta
1346 1783 1416 1829 oor·

281 1868 372 1952 peris
399 1868 482 1944 sede,
499 1870 714 1935 transferrent.
759 1888 852 1952 quam
880 1871 976 1935 timeo
1003 1888 1042 1933 ne
1063 1889 1170 1935 rursus
1197 1872 1237 1935 ad
1257 1869 1415 1933 insertum

285 1971 468 2037 remittatur
484 1971 606 2037 utieotio
629 1975 660 2037 et
683 1990 756 2037 oum
770 1974 839 2037 tota
852 1990 941 2037 mons
956 1971 1141 2055 diligentiae
1155 1974 1227 2037 uela
1247 1971 1413 2050 laxaueril,
1423 1992 1446 2032 n

286 2073 442 2139 subducta
463 2073 637 2157 perieulum
664 2074 799 2141 statione
820 2076 974 2157 patiatur!
997 2075 1121 2140 animus
1141 2093 1229 2139 meus
1251 2074 1327 2156 quia
1349 2074 1414 2138 fuoi

286 2179 331 2243 sit
350 2178 486 2244 nescius.
503 2178 677 2261 eognouisti
703 2197 760 2244 neo
788 2177 974 2245 destabilem
1001 2178 1085 2243 inter
1113 2180 1255 2243 amentes
1284 2177 1414 2242 urbsni·

286 2282 385 2347 tatem
406 2280 505 2361 possit
526 2281 699 2345 adsumere.
737 2284 794 2345 tua
818 2299 926 2347 rursus
953 2282 1111 2347 diuersum
1133 2298 1223 2345 sexus
1243 2281 1277 2344 et
1298 2282 1413 2345 nature

261 2382 461 2467 ,pollioetun
485 2386 522 2451 ut
542 2381 887 2467 dioitsspientissimus
902 2382 1065 2449 Salomon:
1088 2383 1230 2461 anime,
1255 2399 1353 2463 quse
1376 2383 1413 2447 in

262 2484 508 2561 ,saturitate
536 2490 622 2565 est,
645 2485 750 2551 fauis
783 2487 944 2553 inludit
988 2488 1049 2551 soit
1076 2487 1241 2553 umbonum
1269 2502 1444 2551 meornmeo

286 2588 374 2653 testis
395 2591 427 2653 et
449 2588 541 2653 iudex
563 2588 752 2670 disposuisse
773 2608 841 2673 me,
871 2589 931 2655 nisi
959 2589 1041 2653 forte
1063 2587 1194 2655 subdolo
1216 2587 1339 2673 gratiae
1361 2607 1413 2654 sa·

284 2708 359 2773 pore
381 2688 516 2773 deoipior
531 2693 564 2755 et
580 2689 764 2773 degustatae
787 2691 929 2755 ueritatis
947 2690 1068 2755 sitienti
1084 2690 1198 2772 poeula
1212 2690 1319 2756 oblata
1334 2690 1414 2755 sob-

285 2791 427 2871 mouoris,
450 2792 603 2875 spiritalis
626 2793 761 2876 eoniugii
783 2811 845 2858 non
867 2794 1067 2860 simulacrum
1088 2791 1142 2858 sed
1163 2793 1265 2875 ipsam
1280 2792 1411 2875 implere

285 2894 450 2959 ueritatem
479 2895 510 2959 et
541 2896 616 2960 dum
638 2895 799 2961 internos
822 2914 919 2961 unum
941 2896 1022 2960 uelle
1044 2895 1077 2960 et
1097 2914 1194 2961 unum
1222 2894 1305 2959 nolle
1336 2914 1410 2961 oon·

284 2998 415 3081 stiterit,
450 2996 503 3063 uel
531 2998 613 3083 quod
642 3000 737 3065 bonos
767 3000 807 3064 ad
832 2998 1043 3065 imitationem
1074 2998 1217 3065 stimulet
1246 2997 1299 3063 uel
1329 2997 1443 3081 quodne

386 3180 527 3240 38atlust.
540 3182 599 3239 cae.
612 3187 662 3240 o.l
733 3184 941 3254 19Prou.27,'l
1010 3184 1214 3240 secusdum.
1228 3182 1324 3239 (lato
1337 3186 1373 3240 20

335 3350 533 3422 lsdsnmptur
556 3353 585 3409 Β
685 3354 779 3408 odiis
804 3356 849 3410 Tb
951 3354 1085 3410 bellniot
1185 3355 1296 3411 dratio
1312 3357 1340 3411 L

282 3438 345 3493 bet
362 3437 390 3492 Β
407 3437 471 3492 aod.
490 3440 522 3493 ior
538 3454 592 3510 mo.
687 3440 867 3526 reliditudine
883 3442 911 3495 Β
1004 3440 1144 3495 duisels
1161 3441 1188 3495 L
1273 3443 1408 3496 itenerum

282 3540 311 3595 Β
414 3540 566 3597 diuidemus
592 3540 621 3597 Β
735 3544 751 3598 7
779 3544 930 3613 saegregeti
957 3542 986 3597 Β
1095 3544 1284 3599 oonueuiemus
1312 3544 1340 3599 L

282 3625 443 3695 Sexigisset
461 3626 500 3682 ΒΙ
604 3627 638 3682 10
654 3624 780 3697 prodigia
797 3627 824 3683 L
918 3626 1030 3698 pudoris
1048 3627 1105 3697 Bo,
1129 3628 1228 3682 furoris
1246 3628 1336 3697 ΜΨ,
1362 3630 1407 3684 uel

281 3709 390 3779 pudoris
411 3712 438 3766 Τ
451 3714 519 3768 m.2
536 3712 568 3767 ira
578 3727 632 3782 mo.
733 3715 765 3767 11
784 3714 920 3783 duppliois
940 3714 966 3769 Τ
1060 3714 1093 3768 12
1110 3718 1298 3771 eoneurrerent
1318 3716 1344 3771 Τ

282 3795 317 3851 14
333 3800 361 3851 et
377 3796 555 3853 transferrent
571 3796 600 3851 Β
704 3800 737 3854 16
753 3800 899 3868 perieulum
914 3799 943 3855 L
1044 3800 1165 3869 patiatur
1182 3801 1242 3869 (alt.
1258 3804 1272 3855 t
1288 3803 1322 3857 in
1337 3805 1410 3871 ros)

282 3896 311 3953 Β
410 3872 487 3954 meir
505 3902 533 3955 n
636 3901 709 3971 qna]
725 3917 809 3970 quem
833 3904 901 3969 foe.
1003 3903 1037 3956 ιι
1054 3903 1236 3958 ostensam
1251 3904 1310 3971 no,
1335 3905 1408 3959 oser-

278 3986 365 4039 ‘estem
382 3986 455 4039 roni
471 3986 603 4042 'Boeotiae
707 3986 740 4041 18
757 3989 786 4041 et
803 3988 901 4041 natura
921 3988 948 4042 Τ
963 3988 997 4042 ie
1014 4002 1070 4042 roe.
1087 3992 1157 4043 ort
1257 3991 1294 4045 20
1315 4005 1407 4045 eorum

284 4070 320 4124 Τ*
410 4070 445 4125 22
463 4071 589 4142 sitigenti
605 4074 633 4127 Β
725 4072 760 4127 22
778 4072 971 4127 simoleohmm
989 4073 1015 4128 Τ
1103 4074 1137 4129 24
1153 4080 1183 4129 et
1199 4076 1307 4145 sospes,
1330 4081 1364 4131 nt
1379 4075 1406 4129 Β

280 4154 388 4223 nsua,
404 4157 460 4212 nisi
468 4157 542 4223 farte
560 4161 654 4229 utpre
665 4158 769 4214 scilieet
780 4158 871 4228 dimin
888 4160 926 4228 of.
940 4160 1053 4217 Wiener
1061 4161 1186 4217 Studien
1195 4161 1273 4231 Hp.
1285 4164 1339 4218 249

280 4243 309 4295 et
325 4246 362 4295 un
382 4242 417 4295 T*
518 4242 552 4299 25
569 4243 654 4299 mous
671 4246 709 4311 Β,
735 4246 828 4300 beatos
847 4247 874 4302 T
974 4247 1169 4303 imittatiouem
1189 4247 1215 4301 T
