2992 4967
282 354 344 421 288
639 349 753 419 Magni
770 348 897 404 Felicis
914 348 1049 404 Eunodi

283 544 359 608 dum
376 530 503 609 'animus
528 541 662 607 habendi
684 540 827 623 eupidine
850 541 1037 625 subiugatos
1059 540 1296 623 praesumptum
1312 540 1412 604 aesti-

282 648 350 711 mat
371 646 435 710 iam
457 647 561 709 tenere
583 642 799 725 oonpendium,
822 643 866 708 sio
880 642 1057 726 ingruentia
1070 660 1127 725 per
1140 640 1209 707 stili
1226 641 1411 707 exercitium

282 748 401 813 neseiat
420 746 531 811 timore
547 744 735 823 discrimina,
758 747 814 809 aut
828 745 1017 811 ueoessitats
1031 743 1195 810 oonolusus
1209 742 1329 827 profert
1342 744 1411 809 elo·

284 849 393 933 quium
426 848 493 913 sine
526 865 720 930 quaeumque
753 847 831 912 lima
862 846 1026 929 oaptiuum
1054 848 1086 912 et
1113 846 1252 913 nesoiam
1283 845 1410 929 pudoris

282 952 414 1017 frontem
443 953 597 1016 monstrat
622 949 656 1014 in
683 948 840 1027 medium,
862 953 899 1014 ut
928 948 1005 1014 dum
1033 947 1203 1015 intentioni
1223 950 1444 1029 famulatur,s

282 1052 477 1138 diligentiam
501 1052 619 1118 deooris
640 1050 774 1129 abiurst,
802 1048 878 1134 qula
898 1051 1021 1116 dieendi
1043 1052 1229 1117 omameuta
1249 1070 1312 1117 non
1335 1056 1411 1119 suut

280 1154 397 1239 negotii
426 1157 479 1221 sed
508 1153 637 1237 quietis,
666 1170 724 1219 nee
753 1153 888 1220 militiae
917 1157 993 1219 suut
1019 1153 1106 1237 qiota
1131 1154 1230 1219 uerba
1256 1154 1311 1219 sed
1340 1154 1409 1219 otii.

282 1274 408 1339 campus
431 1255 546 1322 sortem
567 1256 712 1339 postulat,
737 1269 797 1339 pax
809 1255 971 1338 ‘profnnda
991 1255 1189 1321 redimitum:
1223 1256 1279 1338 qui
1299 1256 1410 1341 profu·

281 1361 352 1425 tura
373 1358 506 1437 adserit,
528 1356 695 1441 loquelam,
720 1374 798 1441 quae
820 1356 964 1439 pomoolo
986 1358 1064 1425 artis
1085 1364 1133 1424 eat
1155 1357 1310 1437 eolorata,
1334 1378 1411 1427 oon·

281 1463 403 1528 temnit.
437 1461 487 1527 his
509 1479 581 1546 ergo
602 1460 650 1526 ita
671 1479 704 1527 ss
726 1459 913 1526 habentibus
935 1478 1060 1527 oausam
1074 1459 1265 1527 narrationis
1283 1461 1409 1528 insinuo
1419 1484 1443 1526 ro

281 1567 314 1631 st
336 1566 476 1631 ooaotam
498 1582 605 1630 uooem
628 1580 796 1647 prunorum
818 1564 938 1629 latratu
959 1563 1116 1649 religiosis
1137 1562 1300 1630 mentibus
1322 1581 1409 1631 oom-

281 1669 403 1747 mendo,
426 1668 579 1749 seriptum
603 1682 670 1732 esso
692 1667 908 1733 reminisosns:
942 1671 1095 1750 tempus
1115 1666 1289 1745 latendi,
1312 1668 1409 1733 tem·

280 1788 349 1856 pus
378 1769 581 1853 loquendi,
615 1770 666 1834 uel
698 1773 770 1851 post
797 1770 890 1836 ddsm
911 1769 1083 1853 prophetici
1104 1770 1220 1836 oraculi
1242 1768 1410 1837 ouiusdarn

281 1872 414 1939 oratoris
442 1872 632 1955 exemplum,
662 1872 716 1954 qui
741 1872 854 1950 relert,
876 1872 938 1939 nisi
960 1889 1032 1944 oum
1054 1874 1260 1939 namatium
1282 1870 1410 1939 dmendi

280 1975 375 2040 nimis
403 1974 546 2057 ineptam
575 1991 642 2039 esse
671 1974 892 2041 mndieiooem.
926 1977 988 2042 oris
1014 1992 1088 2059 ergo
1116 1972 1331 2041 ministerium
1352 1994 1441 2059 pron

280 2077 399 2161 ingenii
421 2077 595 2143 ualitudine
610 2076 825 2144 saoerdotibus
841 2078 930 2156 dedo,
953 2080 1102 2144 aduersus
1115 2095 1192 2162 quos
1206 2077 1408 2144 sibilantium

279 2178 377 2246 effusa
397 2181 473 2246 suut
493 2197 614 2246 uenena
635 2178 831 2265 linguamm,
853 2181 930 2246 lieet
952 2188 1043 2248 souto
1065 2183 1189 2247 mnnita
1205 2180 1280 2247 idai
1301 2182 1407 2265 epiou-

279 2276 380 2350 lor'um
401 2282 536 2349 imbrem
566 2282 717 2367 patientia
738 2283 886 2367 religiosa
914 2300 976 2349 non
998 2284 1110 2351 timeat
1130 2286 1164 2350 et
1184 2286 1224 2351 ad
1247 2284 1409 2350 auctorem

279 2386 408 2453 redeant
435 2386 499 2453 tela
526 2404 603 2469 quae
629 2387 695 2454 sine
724 2386 863 2453 bellandi
887 2387 952 2453 arte
974 2385 1162 2471 diriguntur.
1187 2386 1299 2470 quibus
1323 2388 1408 2453 enim

279 2506 335 2572 pro
364 2490 461 2557 lorioa
482 2488 622 2557 ommno
650 2492 699 2559 est
731 2491 798 2558 uim
827 2510 888 2557 nou
916 2492 1063 2557 metuunt
1091 2492 1124 2557 et
1145 2490 1290 2558 inimioos
1311 2491 1439 2577 longao

280 2592 491 2675 mpeotatione
532 2595 741 2677 prosternunt.
787 2594 993 2676 quisquamne
1028 2596 1134 2663 umen
1170 2597 1204 2661 in
1245 2594 1305 2660 lrao
1341 2597 1409 2663 aoie

278 2694 433 2779 proelium
454 2696 546 2781 putet
565 2714 629 2762 esse
655 2696 833 2773 formidini,
863 2697 896 2759 iu
918 2713 982 2778 qua
1002 2697 1060 2762 deo
1080 2700 1114 2763 ot
1134 2697 1333 2781 pontitidbus
1356 2698 1407 2764 in·

278 2798 378 2863 fertur
399 2798 466 2865 sins
487 2798 606 2865 uirium
627 2800 845 2867 aestimatione
862 2802 1045 2867 oertamm?
1067 2804 1271 2886 quisquamne
1285 2802 1407 2867 fluxum

381 2984 414 3037 12
438 2982 534 3039 Eooles.
553 2984 578 3051 3,
595 2984 613 3037 8
717 2984 750 3037 14
771 2982 805 3039 ol.
824 2982 878 3039 Cia.
897 2983 930 3038 de
947 2988 1015 3039 orat
1034 2984 1050 3039 1
1066 2984 1109 3051 24¹,
1128 2984 1162 3039 12

329 3137 343 3189 1
372 3135 533 3208 subiugatur
554 3139 594 3205 A,
620 3138 799 3208 sutiurgatus
820 3140 856 3194 1⁸
938 3138 974 3213 ‘d
1000 3142 1101 3195 umere
1120 3140 1167 3194 ael
1183 3142 1273 3195 unare
1294 3140 1337 3194 B*

278 3220 412 3276 dussoiat
429 3224 537 3292 scripsi,
561 3223 647 3279 noeoit
664 3223 727 3279 libri
819 3238 945 3279 mnousus
962 3224 1001 3280 Ι)
1095 3225 1292 3281 distentionis
1306 3224 1336 3279 B

276 3307 294 3360 6
315 3305 421 3361 abiuret
443 3307 561 3374 BLTV,
591 3310 658 3381 ndat
678 3310 744 3365 edd.
769 3312 802 3365 ia
823 3326 875 3383 seq.
894 3314 929 3366 V‘
950 3313 980 3377 (i.
997 3327 1019 3366 e.
1038 3326 1139 3366 nom
1150 3312 1251 3381 pusello
1268 3314 1406 3369 mentior

275 3406 347 3463 quoe
363 3393 394 3447 a'a
411 3394 461 3449 boo
478 3394 567 3450 labello
588 3396 700 3464 nenias
720 3400 859 3465 voum),
887 3397 984 3453 ubam
999 3397 1040 3463 R,
1069 3396 1204 3466 abpsrdat
1217 3398 1290 3453 iuret
1305 3399 1336 3452 A

276 3478 292 3532 1
315 3478 416 3549 negotii
441 3480 545 3545 BTVb,
573 3481 732 3536 intentionis
755 3483 792 3538 V‘
807 3498 828 3538 a
847 3485 873 3550 1.,
902 3484 1063 3540 intentionis
1079 3484 1183 3555 nqotii
1198 3484 1338 3542 aaran

275 3564 293 3618 8
316 3564 424 3620 redimit
440 3570 566 3621 ornatum
588 3564 661 3633 am,
696 3566 811 3622 redemit
827 3572 955 3625 ornatum
978 3569 1014 3637 A,
1049 3569 1205 3625 redimitum
1224 3574 1337 3627 mata

274 3648 453 3720 illoqulllam
475 3650 504 3706 Β
605 3652 754 3721 poeuimlo·
764 3653 799 3720 11,
825 3654 941 3724 puisaia
958 3654 1021 3724 Bon,
1046 3654 1201 3726 poeenionlo
1218 3658 1246 3712 A
1340 3672 1404 3712 oon·

275 3736 544 3805 amputandis?
636 3739 670 3794 10
680 3739 775 3796 latai*
867 3743 900 3796 11
912 3746 1034 3799 oosotm
1045 3741 1085 3797 Β·
1172 3742 1205 3800 12
1217 3737 1400 3799 amnuo&

273 3822 301 3875 A
400 3823 434 3878 13
451 3824 578 3893 loquendi
593 3828 700 3895 umque
717 3825 870 3881 taoendiT
959 3827 1014 3898 uel]
1031 3829 1066 3882 ut
1081 3828 1110 3882 A
1203 3827 1330 3899 potati&
1347 3828 1403 3883 AB

274 3904 360 3963 LRV
453 3910 487 3964 15
503 3908 684 3966 uenditionem
701 3910 841 3969 Arm
937 3914 974 3969 lt
988 3912 1109 3983 inquii·
1123 3914 1291 3970 ualetuainb
1307 3916 1336 3970 A

275 3976 344 4065 ossi
361 4008 402 4081 a,
432 4010 494 4066 seur
512 4028 539 4067 m
642 4014 674 4069 ιτ
699 4014 865 4083 speculorum
881 4016 923 4071 a*
1026 4014 1059 4072 1s
1070 4017 1208 4088 paenas
1224 4010 1337 4074 aare

276 4093 310 4149 ad
333 4109 384 4155 om.
407 4096 435 4153 Β
542 4098 707 4156 aotoremT
814 4099 850 4155 20
866 4100 954 4157 lurioa
977 4102 1038 4158 BV
1143 4102 1179 4157 al
1205 4102 1401 4173 amputatione

273 4178 336 4248 AR,
362 4182 399 4237 al.
417 4182 636 4240 exereitatloneo
725 4185 867 4255 quisquam
884 4186 977 4243 ΜΤ
1060 4190 1133 4245 saise
1149 4188 1178 4245 R
1269 4187 1305 4243 aa
1323 4190 1401 4259 prout

277 4270 346 4322 esset
362 4268 390 4322 A
492 4268 527 4324 28
544 4268 633 4324 uirum
652 4269 681 4326 R
