2992 4967
274 364 339 429 374
632 358 747 429 llagni
764 358 893 414 Italicis
910 356 1041 414 ilnnodi

272 550 468 617 Christianae
483 548 563 617 lucis
577 550 677 625 iubar,
701 549 850 617 ostendis.
884 548 1012 633 proeliis
1034 543 1274 633 temperantiam
1291 546 1405 611 nullus

273 654 425 733 adnectit,
453 671 531 737 quae
560 655 621 719 oris
642 654 690 719 tui
713 654 832 733 nitore,
855 654 980 739 egregie
1007 652 1199 731 moderator,
1221 648 1405 717 abolitur.

273 758 394 823 statuta
415 760 488 823 sunt
510 756 730 824 dimicantium
753 756 899 842 quicquid
919 775 982 824 non
1004 756 1084 842 licet
1105 760 1182 822 tunc
1201 754 1308 820 licere
1336 752 1406 818 iata

274 859 335 925 sibi
356 859 435 925 forte
457 860 545 943 quies
567 860 705 927 uindicet
726 880 806 944 qnae
828 861 978 927 mmssti:
1001 860 1123 927 hostem
1145 876 1241 925 suum
1261 856 1318 941 qui
1338 873 1406 921 non

273 962 365 1028 laesit
379 962 510 1030 adiuuit.
537 964 692 1047 paulatim
708 963 906 1030 aduersarius
920 982 941 1029 a
955 964 1042 1046 regni
1056 962 1107 1029 sui
1121 964 1204 1027 mole
1218 958 1405 1037 succiditur,
1427 978 1440 1017 ⁵

274 1065 363 1131 cuins
386 1064 511 1149 imperii
524 1067 643 1133 radices
658 1065 780 1132 uiribus
795 1069 1008 1149 amputantur.
1038 1065 1162 1149 reposui
1178 1065 1245 1149 regi
1258 1062 1408 1147 partium

274 1167 404 1235 illarum
426 1169 659 1249 contumeliam,
681 1189 777 1252 qnam
798 1174 891 1254 putas
917 1169 1059 1235 inlatam
1096 1168 1275 1235 ludificatus
1298 1168 1408 1251 specie

273 1268 405 1338 foederis
426 1271 507 1338 nihil
529 1274 579 1353 egi
600 1270 781 1351 studiosius,
804 1272 867 1339 nisi
884 1273 931 1350 ut,
954 1272 1035 1356 qnod
1050 1273 1098 1338 est
1111 1271 1261 1351 cautelae,
1278 1273 1407 1353 apertos

275 1372 416 1441 iuimicus
438 1392 645 1461 agnoscerem.
683 1377 831 1441 concedat
852 1379 957 1442 umen
979 1374 1157 1442 diuinitatis
1180 1376 1345 1455 adsensus,
1369 1374 1407 1437 ut

276 1477 444 1545 solidatum
472 1479 554 1547 inter
581 1496 637 1544 nos
665 1479 773 1545 foedus
801 1480 896 1564 longa
922 1480 1024 1544 aetate
1045 1479 1205 1545 seruetur:
1235 1476 1438 1543 inuenientrc

274 1582 378 1664 partee
399 1581 475 1647 illae
489 1584 685 1648 constantem
699 1582 733 1646 in
747 1581 887 1647 amicitia
901 1600 996 1665 quem
1010 1583 1177 1647 senserunt
1191 1580 1406 1664 perniciosum

275 1683 337 1751 sibi
358 1682 454 1751 inlesa
476 1683 551 1749 dnm
573 1683 690 1769 litigat.
724 1701 780 1749 nos
802 1687 927 1759 tamem
948 1684 1051 1750 sancti
1071 1682 1151 1760 uiri,
1175 1683 1215 1748 ad
1237 1682 1348 1749 domos
1372 1684 1405 1748 in

275 1788 386 1870 quibus
413 1788 548 1854 manetis
575 1787 642 1854 sine
670 1788 872 1854 tribulatione
900 1788 1064 1867 discedite,
1093 1788 1169 1851 dum
1196 1804 1253 1871 ego
1275 1787 1403 1852 animae

275 1908 362 1957 meae
384 1893 415 1955 et
437 1892 523 1975 regni
550 1890 689 1957 utilitate
717 1891 857 1956 discussa
879 1908 958 1973 quac
979 1909 1032 1955 me
1053 1889 1224 1955 conueniat
1238 1892 1404 1973 praestare

275 1992 503 2077 pronuntiem’'.
539 1992 587 2058 his
609 1992 726 2059 auditis
748 1992 911 2076 pontifices
933 1992 1160 2059 abscesserunt
1414 2016 1437 2056 a

319 2114 364 2179 At
385 2111 441 2180 ille
462 2116 572 2181 uocato
595 2114 740 2192 Laconic,
764 2113 813 2179 cui
834 2117 866 2179 et
887 2132 994 2179 rerum
1016 2116 1048 2178 et
1070 2113 1237 2179 uerborum
1259 2112 1339 2177 fidee
1363 2112 1402 2177 ab

276 2214 333 2283 illo
355 2235 477 2303 semper
497 2219 566 2284 tute
589 2217 739 2284 mandata
761 2220 820 2294 est,
842 2236 936 2299 quem
958 2220 990 2281 et
1010 2215 1225 2299 praerogatiua
1247 2214 1403 2280 natalium

277 2320 308 2385 et
330 2338 460 2386 auorum
483 2322 606 2387 curules
628 2339 684 2403 per
706 2320 879 2405 magistrae
901 2318 1068 2404 probitatis
1089 2318 1227 2401 insignia
1247 2317 1401 2384 sublima·

276 2422 366 2508 runt,
389 2442 460 2488 cum
482 2442 542 2507 quo
564 2424 684 2490 confert
704 2424 848 2508 quotiens
870 2428 902 2489 et
924 2424 979 2506 pia
1000 2423 1031 2489 et
1052 2422 1200 2505 religiosa
1219 2423 1401 2499 meditatur,

276 2528 308 2591 ct
330 2525 413 2591 sicut
434 2543 495 2593 nou
517 2530 564 2593 est
586 2546 657 2593 cum
681 2527 767 2593 uitiis
789 2528 907 2593 sociata
935 2525 1082 2592 nobilitas
1108 2543 1165 2590 nec
1192 2525 1436 2606 adsbiugitura

275 2626 317 2694 ad
338 2627 508 2697 inlecebras
530 2629 584 2696 lux
606 2643 744 2711 naturae,
768 2632 794 2697 si
816 2628 892 2714 quid
913 2629 968 2696 ille
989 2628 1123 2712 benigne
1139 2628 1239 2693 iacere
1254 2626 1401 2706 uoluerit,

277 2730 430 2814 duplicari
457 2735 516 2799 iste
541 2733 685 2799 hortatur
712 2733 882 2799 adbibitus.
920 2733 971 2798 cui
992 2732 1134 2817 princeps
1159 2729 1273 2797 “nude’'
1297 2731 1402 2813 inquit

278 2833 427 2915 ‘lacem
456 2840 488 2901 et
510 2838 577 2901 tota
598 2839 743 2902 uotorum
764 2839 891 2901 tuorum
913 2836 985 2902 uela
1005 2835 1170 2919 suspende.
1204 2838 1237 2901 et
1258 2835 1401 2900 sacerdos

278 2938 406 3003 anobis
437 2938 469 3003 et
497 2938 606 3005 beatus
629 2939 822 3022 Epiphanius
850 2939 984 3004 libenter
1009 2937 1136 3003 auditus
1164 2942 1229 3016 est,
1258 2937 1348 3003 cuius
1369 2939 1401 3001 te

277 3038 421 3121 pr'ecibus
443 3040 540 3107 fuisse
561 3043 755 3125 permotum,
786 3060 858 3107 cum
879 3039 963 3123 apud
990 3060 1046 3107 nos
1067 3042 1164 3107 uerba
1186 3041 1312 3120 laceret,
1334 3041 1433 3105 ani-a

329 3263 488 3319 lcristiane
504 3264 540 3328 Β,
567 3264 713 3320 christiane
731 3265 815 3321 LTV
900 3264 992 3334 preliis
1009 3265 1045 3331 B,
1071 3263 1187 3333 praelins
1204 3263 1232 3320 L
1319 3263 1398 3318 Βιά-

278 3348 408 3405 uectetB
480 3348 653 3407 attollitch
725 3350 868 3406 daibioua
882 3350 963 3406 sam.
1038 3349 1254 3405 badiuuitccoi
1267 3347 1398 3412 Maces

278 3436 389 3491 adiuuet
399 3437 436 3503 Β,
453 3436 563 3492 adiuuat
574 3438 662 3495 ΜΨ
747 3437 898 3493 succidetur
908 3438 945 3505 Β,
963 3436 1174 3492 succenditurL
1220 3468 1225 3476 ·
1267 3433 1399 3490 omnbus

278 3556 405 3614 auen
422 3562 448 3613 a
466 3557 557 3627 aaa,
572 3556 686 3613 'nouus
705 3556 793 3625 aru,
820 3523 928 3644 urcium
945 3557 974 3612 n
1067 3554 1288 3613 tenemium
1307 3553 1335 3609 n

277 3661 422 3732 necea,
449 3642 539 3731 spen
638 3661 1123 3719 ernon-narramus.
1226 3660 1260 3733 11
1282 3657 1399 3713 musca

280 3748 307 3803 Β
410 3749 443 3805 12
465 3748 519 3805 sibi
539 3748 715 3819 perniciosum
739 3749 823 3805 Sina.
924 3746 1052 3817 litigatur
1075 3745 1155 3801 m
1257 3746 1289 3801 15
1312 3745 1397 3814 ponti-

278 3852 377 3924 “aar
465 3868 686 3926 nemer
782 3869 815 3923 rc
833 3870 867 3923 ar
883 3866 911 3922 Β
1008 3868 1041 3921 17
1058 3868 1136 3921 ruta
1154 3864 1190 3933 Β,
1214 3830 1265 3921 sl·
1278 3868 1302 3931 (ο
1320 3868 1396 3926 su.)

279 3954 318 4020 L,
345 3958 407 4010 tuto
425 3954 496 4011 Bell.
600 3956 771 4027 perrogatiua
787 3953 827 4009 Βι
931 3954 964 4008 18
980 3954 1085 4008 curules
1102 3952 1201 4017 Sim..
1230 3950 1330 4006 curulis
1346 3948 1397 4005 'BL

282 4040 335 4095 TV
445 4042 573 4113 magistri
602 4045 627 4096 T
738 4040 953 4096 sublimauerunt
980 4040 1019 4100 L,
1047 4038 1226 4094 sublimauere
1252 4036 1333 4092 Μ.

278 4126 314 4183 20
331 4126 515 4198 adstringatur
536 4128 564 4183 Β
665 4126 699 4183 21
724 4126 855 4196 benignae
879 4126 905 4183 B
1008 4124 1042 4179 22
1065 4123 1208 4179 adhibetns
1232 4123 1259 4178 Β
1359 4120 1395 4174 in·

280 4212 345 4283 quid
371 4211 399 4267 Β
502 4212 570 4269 nade
595 4213 685 4285 inquit
713 4212 741 4269 V
755 4229 775 4268 e.
798 4212 816 4267 l.
838 4211 904 4267 add.
1006 4210 1041 4266 23
1067 4210 1197 4279 suspende
1222 4208 1284 4264 uela
1310 4206 1336 4263 T

280 4299 428 4371 suspendae
446 4301 473 4355 Β
576 4299 698 4356 sacerdus
714 4299 742 4355 Β
843 4298 879 4353 24
895 4296 1029 4368 epifaniae
1047 4294 1159 4353 BM’V
