2992 4967
284 352 348 419 1l6
642 346 756 417 Hapni
773 347 903 403 Felicis
921 347 1055 403 linnodi

283 542 390 606 sulum
408 539 546 623 quietern
568 555 673 604 meum
694 538 750 603 soal
771 539 803 602 et
822 538 958 605 salutem
973 537 1174 603 inimieorum
1186 538 1365 605 uulitniine
1379 542 1414 604 et

281 658 444 711 murorum
474 640 621 725 proeellia
653 658 796 725 ugnoeoo
836 644 948 724 potens
987 643 1036 705 est
1067 640 1219 708 diuinitus
1247 640 1413 708 inmensae

283 745 482 830 tempestatis
502 744 624 811 ineerta
645 747 725 811 bono
757 743 935 810 serenans
958 762 1112 811 nouare
1146 764 1213 829 uos,
1234 745 1264 810 ai
1295 748 1333 811 de
1354 744 1413 812 (loo

283 866 412 932 mereor,
429 848 550 914 saluete
562 850 594 913 et
605 849 729 917 amanti
739 847 775 912 iu
790 847 882 913 meis
898 848 1120 915 omentum
1131 868 1196 915 uon
1209 848 1414 915 &uenum

284 950 428 1019 morbus
450 948 636 1019 tabellarum
658 949 908 1034 promulgatione
929 951 1091 1017 oonsulite
1434 974 1447 1012 a

799 1078 897 1152 xxv.

685 1201 871 1260 nnnonrrs
889 1200 1006 1260 aneso.

326 1306 359 1378 Si
373 1308 463 1376 uetus
479 1308 649 1395 diligentia,
667 1330 744 1397 quae
759 1308 972 1395 aparentibus
987 1310 1066 1375 meis
1081 1330 1155 1395 erga
1170 1312 1414 1395 amplitudinem

281 1414 369 1507 tuam
391 1410 512 1479 lruotm
536 1413 644 1479 uberes
660 1415 698 1479 de
713 1414 832 1499 gratiae
846 1432 948 1479 messe
965 1416 1125 1493 tondebat,
1147 1414 1229 1480 oiroa
1243 1433 1413 1499 personam

281 1536 385 1586 meam
415 1536 470 1601 pro
504 1516 576 1583 fidei
609 1520 759 1583 memoria
791 1520 976 1596 seruaretur,
1011 1519 1199 1583 monstraret
1231 1519 1447 1601 frequentino

281 1618 691 1705 litterarumetineepultam
699 1619 863 1687 oaritatem
873 1622 963 1686 testis
972 1619 1104 1703 pectoris
1114 1638 1214 1686 sermo
1222 1620 1411 1687 reoluderet.

283 1726 316 1789 at
338 1741 421 1788 nuno
444 1722 576 1787 oblitum
599 1722 661 1787 mei
692 1725 723 1786 te
745 1723 844 1787 sentio
867 1739 924 1787 noo
945 1722 1085 1805 aliquam
1119 1722 1257 1788 melioris
1290 1722 1412 1789 saeouli

283 1824 419 1891 retinere
447 1822 660 1903 oonoorliam,
693 1824 815 1907 quando
837 1822 927 1889 nulla
949 1844 1028 1907 quae
1050 1824 1298 1892 sollicitudinem
1320 1828 1413 1892 tuam

281 1929 441 2013 resignent
463 1928 579 2011 scripta
601 1926 788 2011 diriguntur.
811 1927 865 1992 sed
890 1945 946 2011 ego
962 1925 1109 1993 desiderii
1132 1930 1353 2012 inpatientiam
1371 1928 1411 1992 ad

280 2034 376 2099 uerba
388 2030 536 2109 conuerti,
551 2030 604 2113 qui
620 2030 683 2094 seio
694 2032 769 2096 tuno
781 2029 938 2095 nouellam
954 2029 1128 2097 amicitiam
1142 2030 1257 2096 habere
1271 2030 1411 2099 duloitu·
1421 2048 1447 2091 re

283 2134 397 2212 dinem,
426 2136 453 2199 si
476 2150 591 2200 annosa
613 2138 765 2211 seruetur,
800 2134 832 2198 et
853 2131 935 2199 illud
958 2152 1025 2199 esse
1048 2135 1080 2198 in
1102 2132 1266 2199 alfeotione
1287 2134 1411 2217 purius,

284 2236 365 2320 quod
381 2238 478 2302 nostri
491 2237 708 2302 examinauere
722 2235 865 2330 maiores,
882 2236 983 2301 solens
996 2237 1068 2320 quia
1082 2235 1110 2299 si
1120 2234 1288 2301 Camillum
1304 2240 1412 2301 mente

285 2340 411 2417 retines,
435 2337 611 2403 Ennodium
634 2355 697 2402 non
712 2340 846 2403 omittes.
871 2356 932 2421 qna
948 2337 985 2402 de
1000 2357 1033 2402 re
1056 2336 1254 2403 salutationis
1278 2355 1412 2403 munera

282 2442 440 2526 epistolari
462 2459 535 2507 oure
558 2442 735 2524 persultans
758 2458 875 2525 preoor,
898 2441 935 2507 ut
957 2442 1098 2508 baiulum
1113 2442 1323 2524 praesentium
1345 2444 1410 2508 ole-

279 2546 378 2610 rioum
395 2562 509 2623 meum,
526 2562 619 2627 quem
632 2546 670 2610 ad
683 2542 800 2610 Gallim
815 2546 849 2609 et
863 2562 936 2610 suae
951 2545 1100 2611 utilitatis
1116 2548 1147 2610 et
1162 2564 1248 2611 meae
1262 2546 1445 2612 iussionis„

281 2663 374 2713 oense
394 2648 548 2732 perduxit,
573 2648 751 2741 susceptum
773 2646 890 2713 habere
906 2648 1054 2732 digneris.
1077 2664 1138 2731 quo
1160 2652 1321 2714 remeante
1335 2666 1411 2733 pro·

279 2768 372 2835 spera
393 2756 497 2818 nostre
519 2752 684 2834 scriptione
700 2754 829 2836 signate,
853 2753 930 2818 ntei
952 2754 1026 2836 quio
1042 2753 1076 2818 in
1091 2770 1195 2818 amore
1210 2752 1319 2817 damni
1330 2752 1412 2817 feeit

281 2856 407 2936 obliuio,
431 2855 610 2938 epistolaris
632 2855 810 2922 sollieitnrlo
833 2857 992 2922 restituat.

785 2989 900 3058 XXVI.

604 3110 787 3169 uunonrvs
806 3111 988 3169 ausuum
1006 3112 1039 3169 u.
1058 3111 1080 3168 1.
1427 3133 1452 3175 e

321 3218 474 3285 Faustum
499 3216 583 3284 oaelo
606 3234 697 3283 omen
718 3219 887 3283 adueniens
922 3218 1062 3303 auspicia
1084 3221 1190 3284 uestra
1223 3220 1409 3285 conroboret

279 3322 313 3388 et
334 3320 481 3390 tiroeinia
509 3338 603 3387 nanee
639 3321 803 3407 dignitatis
837 3322 903 3387 suis
934 3323 1080 3389 muniant
1114 3322 1222 3389 diuina
1254 3320 1408 3387 consiliis.

330 3509 344 3562 1
369 3506 397 3561 in
415 3508 562 3561 amicornm
586 3507 632 3562 Pb
740 3507 897 3562 2inmenee
914 3508 942 3562 Β
1045 3509 1105 3564 bei
1122 3506 1217 3563 oar
1317 3506 1408 3562 leal-

277 3596 339 3649 uato
358 3592 393 3657 B,
419 3592 507 3647 saluto
525 3592 552 3647 L
654 3590 671 3647 5
689 3592 830 3663 oonsulite]
848 3591 911 3647 finit
929 3592 994 3649 ado.
1012 3593 1041 3647 Β

328 3677 412 3733 XXV.
448 3679 481 3733 12
498 3678 532 3733 ad
550 3678 577 3732 Β
674 3677 790 3763 suaeouli
806 3678 847 3744 B,
875 3680 987 3735 moniis
1004 3676 1038 3733 V'
1134 3679 1167 3733 14
1184 3678 1346 3748 inpatientia
1363 3692 1408 3732 ma

275 3800 342 3867 sose.
439 3798 471 3852 15
486 3780 577 3852 *reare
595 3794 624 3850 e
705 3797 883 3859 ‚sermnem
901 3798 1002 3855 arro
1100 3800 1132 3854 rr
1150 3798 1231 3868 quor]
1248 3766 1340 3883 ior

276 3900 514 3955 aniene-retines
532 3916 582 3953 om.
602 3902 650 3969 Π,
668 3902 733 3957 aoid.
744 3902 840 3974 berup-
852 3918 888 3959 m.
901 3909 959 3959 oar.
1054 3900 1194 3957 rumellum
1210 3899 1338 3957 BPTVb

277 3984 310 4039 19
328 3998 420 4053 pretor
437 4000 470 4038 aa
488 4000 568 4053 poeor
585 3985 613 4042 L
715 3988 834 4043 baiolum
851 3990 879 4044 B
981 3989 1016 4043 20
1033 4005 1082 4043 sua
1099 3990 1129 4044 P
1228 3987 1361 4043 utilitatis
1378 3989 1409 4043 Β

277 4086 337 4152 Y'b,
360 4086 467 4140 utilitas
485 4087 610 4143 LPT¹V
708 4091 843 4146 iussiones
864 4094 889 4145 Τ
987 4092 1021 4146 22
1039 4085 1239 4162 saliret.
1261 4093 1338 4146 Μ

275 4172 386 4241 dampni
400 4172 462 4229 LV
561 4173 698 4233 leoeritT
800 4176 834 4233 28
850 4177 991 4246 restituat]
1009 4178 1073 4235 linit
1089 4178 1154 4233 urio.
1171 4178 1199 4235 Β

328 4272 429 4329 xxvi.
463 4274 498 4331 ao
515 4278 545 4331 n
562 4276 598 4344 e,
624 4281 722 4335 oen
824 4278 1139 4351 erimantium
