2992 4967
263 343 326 416 272
621 345 736 416 magns
754 344 884 399 serres·
901 342 1030 399 nenses
1162 380 1166 389 .

262 538 367 603 letum
391 530 481 603 belli:
504 534 583 603 laris
605 536 751 601 manibus
766 550 872 620 pugna
884 531 1097 600 instruebatur
1118 530 1283 615 inpendiis
1308 530 1390 597 nihil

263 635 377 707 fortius
386 636 388 679 ³
398 640 589 707 aduersariis
603 642 666 707 tuis
680 640 755 704 ants
769 639 877 718 selem,
893 636 948 702 sed
958 654 1030 702 enm
1046 633 1196 701 bellinum
1210 634 1392 700 miserunt

209 821 210 824 Ἴ
263 742 406 823 classina,
437 742 518 809 nihil
543 741 699 811 infirmius
707 760 719 807 ε’
759 741 896 807 maxima
921 740 956 804 in
981 738 1164 805 luctaminis
1184 736 1393 819 promissione

263 847 376 929 uirtus,
399 852 432 911 et
453 847 480 913 si
502 846 657 913 eufiteret
679 844 790 929 lingna
811 860 866 927 pre
889 842 1037 925 dexteris,
1067 842 1155 923 nupia
1174 858 1302 907 summa
1321 859 1391 906 ner·

264 949 385 1015 berum.
422 950 544 1017 eleetus
567 950 614 1015 est
636 950 776 1014 leeerum
797 949 894 1024 situs,
924 962 987 1011 non
1008 948 1077 1013 tam
1099 948 1278 1029 congressui
1299 944 1392 1010 utilis
1413 968 1427 1008 s

264 1067 357 1136 quarn
378 1052 502 1136 pauori,
527 1052 725 1134 prouidenter
747 1068 788 1117 ne
808 1048 1017 1117 ascriberetur
1036 1048 1123 1115 easui
1148 1048 1249 1131 prima
1269 1050 1303 1113 et
1324 1046 1391 1113 dis·

265 1155 362 1221 cessis
377 1154 590 1240 perfugarum.
610 1156 765 1221 ettamen
787 1152 921 1219 eandida
933 1151 1123 1235 reipublicae
1136 1151 1263 1217 fortuna
1277 1168 1392 1233 pernr-

264 1258 390 1342 guebat,
412 1278 451 1325 ne
474 1258 584 1341 deepte
606 1258 779 1323 desisteres.
813 1255 935 1323 itineris
953 1254 1003 1324 tui
1024 1272 1203 1339 permensus
1217 1254 1394 1320 interualla

263 1361 449 1445 conspexisti
471 1362 563 1445 ignea
584 1359 724 1429 hostium
747 1360 903 1427 astrorum
924 1376 1011 1427 mere
1031 1357 1211 1435 rutilantes,
1232 1359 1271 1425 nt
1285 1358 1316 1424 si
1329 1358 1391 1425 nli·

263 1465 386 1547 quande
410 1463 472 1531 tibi
494 1464 605 1531 fuisset
627 1466 702 1531 nete
717 1462 863 1540 formido,
882 1462 918 1533 iu
938 1460 1108 1544 abruptum
1132 1464 1162 1527 te
1183 1462 1318 1547 pendere
1340 1462 1427 1529 di·1e

261 1567 398 1635 dienses.
437 1586 608 1651 numquam
636 1566 733 1635 animi
761 1568 810 1633 tui
839 1568 943 1632 status
970 1566 1027 1631 aut
1054 1565 1262 1632 sedandarum
1282 1583 1391 1631 rerum

262 1673 383 1739 tumere
407 1670 508 1737 elatus
531 1674 579 1737 est
602 1673 656 1735 aut
679 1669 785 1735 dubiis
801 1667 972 1753 adquieuit.
995 1668 1136 1736 instabat
1155 1668 1299 1735 pertundi
1321 1667 1390 1733 dies

262 1776 374 1841 multis
396 1774 539 1841 tenebras
562 1774 716 1841 adlatura.
741 1789 814 1840 eum
835 1773 972 1856 primunr
995 1789 1108 1839 aurora
1122 1771 1204 1856 bigis
1218 1772 1251 1837 in
1269 1773 1390 1841 ereneis

262 1878 367 1943 ertum
389 1876 506 1943 iubaris
528 1877 697 1959 indicauit,
725 1891 798 1942 eam
819 1876 859 1941 de
880 1877 987 1941 esseni
1007 1875 1137 1958 limphis
1158 1874 1237 1941 selis
1258 1874 1392 1941 flemma

263 1978 411 2057 senserit,
435 1980 499 2045 ism
522 1996 651 2045 rausum
673 1979 786 2045 brena
808 1978 1028 2059 pertinebant,
1057 1979 1121 2046 iam
1145 1979 1180 2043 te
1199 1980 1248 2043 sui
1269 1977 1426 2046 ellitusn

261 2081 431 2164 premebat
454 2081 616 2149 exereitus.
644 2082 698 2164 qui
721 2081 798 2147 dum
818 2081 1022 2152 munimentis
1043 2081 1185 2165 euslptie
1206 2084 1317 2165 peetus
1337 2081 1390 2146 in·

264 2184 418 2263 eluderes,
448 2184 524 2250 durn
547 2183 644 2251 nereis
667 2200 838 2266 armarere,
867 2185 943 2251 dum
963 2184 1057 2251 lateri
1079 2188 1134 2251 tue
1155 2182 1269 2252 uindex
1289 2182 1388 2251 liber·

262 2287 337 2354 rede
364 2288 490 2373 gladius
515 2287 688 2370 aptaretur,
715 2288 858 2353 surdam
884 2290 1019 2356 neuen
1041 2289 1084 2358 et,
1102 2279 1315 2354 uenerabilem
1335 2303 1388 2352 se·

260 2407 381 2473 rerem,
412 2408 491 2474 quae
514 2390 554 2455 ad
576 2392 608 2457 te
630 2390 813 2475 dilgentine
835 2407 930 2455 eausa
950 2394 1176 2471 conuenerant,
1205 2391 1282 2459 dum
1303 2390 1389 2457 inter

260 2510 348 2575 spem
371 2496 402 2559 et
424 2496 547 2559 metum
569 2493 704 2559 feminee
724 2492 906 2559 sollicitudo
928 2494 1089 2577 penderet,
1111 2496 1187 2562 dum
1209 2494 1247 2560 de
1269 2496 1424 2559 suenrus

262 2594 420 2662 adtenilae
442 2596 552 2665 nultus
573 2598 622 2662 tui
644 2596 745 2664 sidere
767 2599 978 2679 panderentur,
1002 2596 1119 2667 talibus
1142 2596 1289 2680 alloquiis
1311 2612 1388 2663 een·

262 2697 411 2765 firmasti:
438 2698 525 2777 “seis,
547 2700 696 2784 genetrix,
719 2705 828 2781 pertus
850 2700 898 2765 tui
919 2699 1033 2767 honere
1055 2699 1210 2767 uniuersis
1230 2699 1307 2765 neta
1327 2717 1387 2765 na-

260 2802 415 2881 tionibus,
444 2804 527 2888 quod
549 2804 664 2870 natalis
693 2802 758 2869 mei
784 2807 923 2886 tempere
947 2804 1052 2869 uirum
1074 2802 1204 2870 fecunda
1231 2802 1386 2886 genuisti:

261 2906 326 2973 dies
350 2911 407 2991 est,
433 2926 493 2991 quo
515 2906 574 2971 filii
596 2908 644 2972 tui
660 2924 766 2973 sexum
782 2923 912 2988 pampus
933 2906 1115 2974 adnuntiet:
1138 2906 1209 2971 telis
1227 2905 1386 2990 agendum

262 3014 307 3075 est
330 3012 367 3074 ut
387 3028 516 3076 auorum
534 3028 588 3093 per
602 3029 652 3074 me
670 3010 783 3074 deeora
797 3026 858 3074 nen
873 3012 1015 3090 pereant:
1030 3008 1097 3075 sine
1112 3026 1203 3074 eausa
1218 3010 1384 3090 parentam
1394 3026 1422 3069 se

312 3300 456 3369 lpagnee
483 3296 532 3353 Bb
634 3298 748 3353 2aeiee
775 3296 803 3351 Β
897 3296 1034 3368 bellinum]
1060 3296 1127 3352 belli
1153 3294 1212 3354 bet
1230 3298 1314 3355 elissa

259 3385 380 3439 einrrunt
398 3383 438 3447 B,
467 3384 639 3440 concinerunt
656 3384 686 3450 l,
714 3382 943 3454 eeneinnemntp
1045 3384 1063 3438 4
1086 3384 1119 3454 si]
1144 3385 1221 3453 quasi
1242 3384 1312 3451 fert.

259 3471 357 3526 dextris
381 3468 468 3527 ΜΨ
565 3471 642 3540 enpia
665 3469 693 3524 Β
795 3470 994 3542 deongressui
1011 3468 1093 3524 utiles
1115 3470 1143 3525 Β
1246 3470 1384 3540 dpaaori

258 3558 413 3630 prpnldeuti
431 3558 500 3613 eost.
517 3556 629 3622 Marsae,
652 3558 758 3626 paneri:
776 3556 919 3627 prodiderit
934 3555 998 3624 fert.
1089 3556 1248 3611 astrueritnr
1266 3556 1315 3611 Bb

258 3645 286 3728 et
303 3644 335 3710 T,
359 3658 409 3699 om.
424 3660 454 3713 p,
480 3643 561 3697 etiarn
581 3643 672 3711 sm,
695 3643 784 3699 elades
796 3647 825 3700 et
839 3642 905 3711 sert.
996 3642 1186 3713 lrsipnblieae
1197 3642 1388 3700 eaadidaLrll

259 3746 313 3803 TV
394 3746 557 3817 perurgebat
574 3748 675 3816 13²PV,
702 3748 867 3818 perungebat
884 3748 911 3803 L
1012 3732 1145 3803 anesi
1246 3744 1384 3803 desudetis

257 3830 286 3887 Β
363 3832 481 3887 ‘immede
499 3834 527 3887 Β
608 3834 632 3887 -9
649 3834 722 3903 ignis
739 3835 768 3889 Β
853 3834 954 3889 estium
971 3832 1044 3889 Blae
1129 3832 1271 3887 rutilantia
1287 3830 1318 3886 Β

258 3916 482 3975 10dedieissirB
569 3918 931 3987 lidiesledelet.es.1)1',
949 3918 1032 3975 dian
1117 3918 1151 3975 13
1164 3917 1263 3978 erucem
1274 3918 1314 3973 Βι

259 4004 293 4058 14
309 4002 419 4073 limphis
438 4004 554 4061 LMTV
655 4006 688 4063 15
706 4005 820 4062 suestra
835 4005 964 4072 effla,
989 4004 1118 4060 braduae
1133 4002 1218 4066 Sitne
1320 4018 1386 4059 een·

257 4087 384 4173 sinebant
400 4089 427 4143 T
523 4091 556 4146 16
572 4090 687 4147 ehalibis
708 4092 741 4157 V,
767 4092 862 4147 calibis
879 4091 1001 4161 LMPp,
1027 4089 1126 4146 salebia
1143 4088 1191 4143 Be
1289 4089 1322 4144 17
1340 4105 1386 4145 ar·

258 4206 362 4247 merere
389 4192 424 4247 Β
533 4195 628 4251 uindix
655 4196 683 4251 Β
756 4250 760 4257 ,
796 4196 828 4250 19
855 4210 907 4265 qne
931 4190 971 4250 Βι
1081 4189 1117 4248 lo
1142 4196 1261 4247 mutum
1287 4191 1329 4247 Β,

258 4280 370 4333 euentus
387 4279 554 4336 DLMT¹V¹
656 4282 690 4336 la
709 4282 825 4353 genitrix
842 4281 906 4338 ΜΤ
1006 4280 1101 4337 ΜΗ
1117 4281 1144 4336 Β
