2992 4967
639 371 754 441 Magni
771 371 898 426 Felicis
916 371 1048 426 ilnnodi

806 560 879 625 XII.

668 696 804 753 swano
828 695 1019 752 ENNODIVS.

329 801 361 868 Si
381 821 524 886 quaeras,
548 821 602 868 cur
623 799 744 867 silentio
773 803 876 867 uestro
898 800 1032 866 multata
1054 820 1114 866 non
1136 802 1244 867 reticet
1266 801 1398 885 prodiga

285 903 369 971 frons
390 907 512 987 pudoris
535 907 567 970 et
590 904 672 970 male
688 903 917 987 interpretando
931 903 1112 987 inpudentia
1126 905 1252 969 uocetur
1267 904 1400 983 affectio,

284 1008 310 1072 si
333 1006 548 1091 garrulitatem
572 1027 673 1074 meam
698 1007 804 1074 lructu
826 1007 912 1072 dicas
934 1007 1072 1071 cessante
1087 1004 1228 1071 debuisse
1243 1007 1436 1090 conpescite

285 1125 341 1191 ego
363 1110 403 1192 te,
425 1110 646 1176 inlustrissime
669 1111 843 1188 hominum,
866 1109 923 1175 illa
943 1127 1020 1191 quae
1041 1109 1074 1173 in
1090 1107 1211 1173 familia
1225 1112 1282 1173 tna
1294 1108 1402 1175 dome·

284 1210 362 1276 stica
390 1215 438 1276 est
466 1213 647 1278 sinceritate
674 1213 841 1291 centonio,
873 1231 930 1296 ego
953 1210 1143 1276 foederatam
1163 1211 1400 1294 promissionem

284 1313 372 1397 qnasi
393 1315 533 1380 obsidem
556 1315 671 1380 mentis
687 1315 867 1399 amplector.
884 1315 971 1380 doleo
984 1314 1110 1396 quidem
1123 1315 1302 1396 procuratas
1316 1315 1402 1397 longi

284 1433 389 1482 causas
412 1417 545 1496 silentii,
574 1420 649 1482 dnm
670 1418 702 1482 et
723 1418 838 1483 caritas
860 1421 892 1482 et
914 1415 1109 1482 necessitudo
1131 1415 1325 1501 neglegitur:
1349 1419 1403 1482 sed

283 1521 356 1603 quia
378 1538 428 1585 me
450 1524 553 1586 totum
575 1520 636 1586 sibi
657 1537 744 1586 amor
774 1522 847 1585 tuus
870 1518 1017 1599 uindicat,
1041 1518 1142 1583 adhuc
1163 1521 1252 1583 credo
1273 1536 1437 1583 excusa-10

283 1624 398 1689 tionem
420 1641 509 1705 posse
535 1623 675 1705 recipere
698 1626 777 1705 quod
803 1621 904 1687 fecisti
926 1629 958 1686 et
979 1620 1172 1705 purgationis
1194 1621 1268 1687 tuae
1287 1623 1321 1685 in
1343 1622 1403 1687 hac

282 1727 372 1809 parte
394 1743 503 1791 causas
527 1726 655 1791 aestimo
677 1745 753 1803 cese,
776 1743 851 1806 quas
866 1723 1007 1789 inuenire
1024 1741 1085 1787 non
1105 1741 1241 1806 possum.
1263 1723 1298 1789 iu
1320 1723 1403 1788 bona

284 1831 314 1892 te
346 1827 520 1892 ualitudine
561 1831 670 1911 degere
703 1828 770 1892 uoti
803 1845 928 1910 compos
956 1844 1077 1908 semper
1105 1827 1226 1891 audini:
1260 1827 1404 1891 sudorem

282 1932 371 1994 tuum
401 1929 483 1994 circa
511 1934 693 1995 ornamenta
720 1931 838 2014 generis
866 1947 956 2014 saepe
984 1929 1162 2013 epistularis
1184 1930 1313 2012 alloquii
1334 1930 1403 1994 luca

281 2031 409 2097 tersisti.
431 2031 511 2096 nihil
534 2035 656 2114 praeter
679 2034 890 2115 contemptum
920 2033 1083 2116 monstrat,
1106 2032 1248 2115 quotiens
1270 2033 1436 2098 luditur-rs

282 2133 364 2198 nitas
397 2134 576 2200 nonhabet
599 2136 830 2202 necessitatem.
869 2155 927 2220 ego
953 2137 1060 2200 tamen
1088 2153 1176 2216 spem
1197 2134 1236 2199 de
1258 2153 1405 2217 responso

282 2238 404 2320 capiens
426 2253 548 2319 semper
572 2240 680 2321 scripsi
703 2242 735 2305 et
751 2241 809 2305 snb
824 2242 956 2322 quadam
973 2237 1125 2303 claritatis
1139 2240 1212 2302 tuae
1225 2238 1404 2321 praesentia

281 2338 411 2422 legenda
438 2339 574 2405 dictari:
611 2343 680 2418 uisa
702 2344 749 2407 est
770 2341 863 2420 mihi,
891 2341 966 2406 dum
994 2342 1112 2423 loquor,
1145 2340 1260 2422 pagina
1280 2359 1352 2405 mea
1372 2343 1404 2405 te

282 2441 460 2525 reddidisse,
492 2445 524 2506 te
549 2459 655 2527 sapere
677 2447 709 2509 et
731 2446 794 2509 tuis
816 2443 901 2526 picta
921 2441 1113 2524 imaginibus
1134 2439 1231 2507 uerba
1252 2440 1420 2507 conferre..

281 2543 356 2626 quid
378 2551 458 2610 esset
479 2546 513 2609 in
537 2547 668 2628 epistula
689 2549 746 2612 tua
767 2545 948 2624 dulcedinis,
970 2545 998 2610 si
1019 2561 1088 2608 eam
1110 2545 1235 2608 daretm
1250 2545 1434 2626 acciperent

280 2664 392 2730 quaeso
420 2647 589 2732 diligenter
618 2650 770 2731 expende,
800 2649 922 2731 qnando
944 2647 1019 2712 licet
1040 2664 1059 2709 a
1080 2647 1169 2711 nobis
1190 2647 1397 2728 procedentia,

281 2751 384 2815 tamen
405 2767 483 2832 quae
505 2753 543 2816 ad
567 2753 598 2815 te
620 2754 750 2816 ueniunt
770 2752 866 2816 uerba
887 2751 1120 2832 conplectimur.
1154 2750 1227 2828 iam,
1249 2767 1335 2833 rogo,
1359 2751 1399 2815 ad

280 2851 437 2917 adlectum
468 2852 647 2933 scriptionis
680 2855 799 2936 erigere
831 2856 864 2917 et
896 2852 1074 2918 ariditatem
1109 2870 1210 2918 meam
1243 2851 1399 2934 conloquii

281 2953 403 3020 fluentis
424 2954 567 3032 infunde,
589 2956 721 3037 utquid
744 2955 952 3020 ministerium
975 2973 1079 3019 meum
1101 2973 1120 3018 a
1141 2955 1197 3020 deo
1222 2955 1328 3020 ualeat
1348 2955 1397 3019 in·

279 3059 400 3137 patrare
422 3074 614 3140 cognoscam,
636 3059 663 3122 si
686 3059 836 3142 epistulas
858 3061 929 3124 tuas
952 3059 1088 3124 aemulas
1110 3060 1259 3141 paternae
1278 3057 1431 3140 perfec-ss

331 3255 395 3313 XII.
424 3258 602 3313 3asilentio
620 3258 667 3313 Pe
686 3265 712 3314 et
730 3258 828 3322 Strm.;
854 3274 870 3312 a
892 3257 1003 3314 oeteo
1021 3258 1110 3314 Scluat.
1212 3261 1330 3315 multata
1346 3277 1397 3314 non

279 3342 418 3398 reticetT
446 3345 901 3401 tatanmretil's'saroamt
1010 3345 1134 3414 prodigia
1155 3346 1194 3400 1)
1308 3348 1397 3400 tces·

279 3432 354 3484 sante
379 3428 407 3483 L
430 3431 511 3498 petros
537 3447 551 3484 s
576 3432 610 3485 isa
635 3447 690 3485 rae.
716 3431 784 3496 fort.
811 3447 847 3486 ex
871 3447 890 3484 n
916 3445 984 3486 coer.
1093 3431 1222 3500 compesci
1248 3431 1336 3486 MV

280 3517 297 3567 8
322 3517 496 3584 praeparatas
524 3515 571 3570 Pb
673 3517 690 3569 9
716 3516 873 3586 neglegatur
896 3516 937 3580 B,
968 3516 1126 3586 negligam,
1146 3518 1172 3570 Τ
1193 3517 1232 3572 sie
1253 3518 1314 3583 scre
1329 3534 1394 3574 aaa·

274 3614 329 3666 per
433 3599 466 3654 10
483 3599 608 3654 candicat
625 3601 680 3656 ΡΤ
781 3601 812 3655 11
836 3606 884 3655 tue
900 3601 1068 3670 purgationis
1090 3602 1114 3652 T
1214 3604 1247 3656 12
1270 3619 1396 3658 musas-

280 3699 385 3750 posanm
406 3685 616 3740 Tiaras.m.2
711 3686 744 3739 13
761 3684 922 3756 degerereB
1016 3685 1049 3739 14
1066 3685 1218 3756 epistularis
1235 3687 1303 3744 BV¹
1322 3692 1351 3756 (u
1368 3691 1396 3744 tn

279 3784 436 3824 aceram.
455 3773 492 3838 1),
519 3769 671 3840 epistolaria
689 3769 746 3825 Μ’
847 3768 879 3824 17
896 3767 990 3824 scribsi
1008 3769 1037 3822 B
1139 3772 1172 3825 18
1187 3772 1281 3843 loquor
1297 3775 1397 3844 pagina

279 3867 337 3907 maa
357 3854 383 3908 T
397 3869 427 3908 or
445 3857 544 3924 pagins
559 3871 618 3909 mea
634 3855 667 3910 isa
682 3869 737 3909 rue.
755 3871 791 3910 aa.
809 3857 830 3909 2
929 3854 966 3908 20
981 3852 1112 3923 aepistnla
1127 3857 1163 3920 B,
1188 3858 1301 3927 epistola
1319 3859 1402 3915 ΜΨ

278 3944 305 3993 et
321 3939 362 3994 cic
379 3939 492 4009 reliquis
515 3941 580 3995 lude
598 3941 761 4011 pleramque
863 3939 1006 3996 dulcidinis
1031 3941 1058 3996 B
1167 3943 1202 3998 22
1228 3946 1319 4000 amen
1345 3962 1396 4001 non

280 4023 336 4078 TV
432 4026 603 4095 cdplectimur
622 4026 706 4082 uerba
731 4029 758 4084 Τ
866 4027 900 4081 23
923 4027 1048 4084 affectum
1066 4029 1093 4082 te
1118 4029 1144 4084 Τ
1243 4031 1395 4088 scribtionis

279 4108 307 4163 B
400 4109 499 4179 eloquii
520 4111 587 4167 nee
606 4113 678 4168 Pm.
696 4115 716 4166 2
732 4127 820 4180 capro
836 4111 963 4181 colloquii
1065 4113 1099 4168 24
1116 4114 1181 4170 adeo
1199 4117 1253 4172 Pa
1349 4117 1395 4170 irn-

276 4197 379 4262 petrare
397 4195 453 4250 TV
550 4197 583 4251 25
601 4197 747 4266 aepistulas
765 4197 793 4251 B
891 4197 1008 4253 aemulas
1032 4199 1204 4268 Vsparte’sa
1220 4201 1393 4257 laruam

276 4295 310 4335 ec
327 4295 343 4334 e
360 4287 391 4337 at
408 4281 520 4336 uidear
538 4297 609 4338 corr.
712 4286 822 4352 paterne
839 4283 867 4337 Β
