2992 4967
525 370 614 427 liber
632 371 654 435 Ι,
681 370 793 425 46-49,
1180 372 1221 437 21

96 562 208 627 lomna
240 558 409 628 immobilis
440 556 562 625 Christo
596 558 748 625 solidante
780 558 874 625 fortis
906 558 1036 625 effeotm
1069 560 1224 626 confessor

96 664 267 729 concutitur
280 662 440 745 gloriosus.
456 662 498 727 lit
509 661 537 729 si
552 664 722 744 martyrem
737 662 864 730 inuidos
878 662 979 729 hosts
994 662 1096 729 noluit
1110 662 1221 743 lacera,

97 766 303 834 consessorem
325 770 431 834 tamen
453 770 596 833 nostrum
618 784 678 833 non
699 767 802 848 potuit
824 766 949 833 uiolare.

143 888 182 967 (I,
201 888 254 967 16)
286 884 441 951 Nouimus
463 887 496 951 at
517 886 615 951 alium
638 906 674 953 ea
696 888 893 970 tempestate,
917 890 1043 953 nomine
1065 884 1275 954 Satumm48

74 989 162 1068 sQui
184 1008 256 1056 oum
271 990 419 1056 ‘lucidum
441 991 522 1055 esset
550 990 727 1055 membrum
761 990 908 1057 ecclesiae
930 988 1045 1056 curun
1067 994 1099 1055 et
1120 991 1225 1073 praui·

98 1098 200 1159 tatem
222 1092 428 1159 Atrianorum
460 1092 605 1159 libertate
633 1093 790 1159 catholica
816 1093 997 1176 frequenter
1019 1098 1162 1177 argueret
1183 1130 1226 1143 -

98 1198 162 1262 fuit
192 1197 243 1261 hic
270 1198 450 1279 procurator
483 1197 593 1263 (lomus
614 1197 758 1263 Hunirici
779 1234 815 1247 -
845 1197 1029 1263 couneuitur
1061 1198 1228 1263 accusante

98 1300 263 1366 Mariuado
292 1302 427 1383 quodam
454 1300 591 1380 diacono,
614 1320 707 1383 quem
729 1302 902 1368 Huniricus
932 1300 1088 1366 infaustus
1118 1300 1226 1384 singu·

99 1404 211 1469 lariter
239 1404 421 1482 honorabat,
454 1407 491 1468 ut
518 1404 607 1471 fieret
628 1404 759 1471 Saturus
788 1406 950 1471 Arrianus.
993 1404 1227 1469 Promittantur

57 1507 232 1574 1obonores
259 1510 291 1572 at
314 1506 445 1572 diuitiae
472 1508 591 1575 multoe
613 1510 640 1573 si
661 1510 787 1587 laceret,
821 1511 1044 1593 praeparantur
1072 1507 1228 1591 supplicis

102 1610 172 1675 dim
186 1610 212 1673 si
228 1608 337 1688 nollet,
361 1610 419 1675 boc
441 1611 565 1676 obtione
585 1611 756 1693 proposito,
778 1616 815 1676 ut
831 1613 857 1676 si
879 1612 1037 1694 regalibus
1059 1614 1152 1678 iussis
1165 1629 1227 1677 non

101 1712 271 1794 oboediret,
304 1714 404 1793 primo
433 1712 622 1779 discussione
655 1716 795 1779 metante
823 1716 938 1780 ambos
965 1718 1056 1780 domo
1076 1716 1130 1779 uel
1151 1714 1227 1779 snb·

100 1817 228 1896 emotis,
258 1816 416 1881 distractis
439 1814 582 1881 omnibus
604 1816 771 1901 mancipiis
792 1834 828 1881 ac
850 1815 934 1900 filiis,
968 1835 1045 1883 uxor
1072 1818 1140 1888 ains
1160 1818 1227 1899 ipsu

99 1919 269 2001 praesente
290 1918 456 1983 camelario
479 1920 512 1983 in
535 1918 715 2001 coniugium
737 1921 919 1985 traderetur.
941 1920 1032 2000 Quod
1046 1919 1101 1985 ille
1116 1922 1227 2002 plenus
1235 1915 1278 1981 49

59 2044 91 2085 ne
101 2024 159 2087 deo
175 2020 276 2105 magis
288 2026 324 2085 ut
338 2021 489 2086 uelociter
504 2025 707 2105 prouenisset,
723 2022 836 2105 impios
849 2024 1047 2108 prouocabat.
1070 2024 1118 2089 Ob
1134 2041 1229 2106 quam

102 2140 231 2189 caueam
253 2142 328 2189 uxor
351 2124 418 2189 eius
440 2124 580 2191 indutias
606 2130 677 2192 uisa
699 2128 748 2190 est
772 2126 811 2190 ab
834 2126 885 2191 bis
908 2126 961 2210 qui
984 2129 1229 2210 exsequebantur

100 2228 258 2291 nesciente
281 2226 394 2293 manto
417 2229 541 2311 petisse.
565 2230 694 2295 Accedit
716 2230 756 2294 ad
778 2230 927 2296 maritum
943 2231 1085 2296 alialiua
1100 2229 1229 2297 oonsilio

101 2328 291 2411 magistrata
312 2332 475 2411 serpentis.
500 2332 559 2397 Sed
581 2333 636 2397 illa
658 2332 761 2397 Adam
784 2350 844 2398 uon
868 2333 938 2411 luit,
960 2333 1015 2415 qui
1036 2333 1230 2398 inlecebrosa

100 2432 222 2497 uetitas
238 2432 358 2496 arbonis
375 2450 467 2515 poma
481 2435 687 2519 contingeret,
703 2436 847 2517 quianon
858 2436 1017 2517 ludiqeus
1034 2436 1088 2500 sed
1100 2434 1229 2502 Saturus

60 2536 283 2613 eouocabatur,
316 2538 521 2601 saturatus
550 2539 596 2601 ab
618 2538 815 2602 ubertate
843 2542 979 2603 domus
1008 2538 1071 2602 dei
1094 2543 1131 2603 et
1153 2542 1229 2603 tor·

101 2639 254 2704 rentem
287 2638 529 2704 deliciarum
558 2640 640 2705 eius
667 2643 842 2724 potatus.
887 2640 1026 2707 Aduenit
1055 2640 1169 2705 mulier
1190 2641 1231 2705 ad

102 2744 217 2819 locum,
233 2741 288 2807 ubi
299 2742 431 2807 maritus
443 2742 611 2825 singularis
627 2745 744 2821 orabat,
761 2744 925 2811 conscissis
935 2743 1076 2809 uestibus
1087 2746 1232 2826 crineque

102 2846 217 2925 soluto,
252 2863 358 2911 secum
387 2846 608 2911 comitantibus
636 2846 711 2912 filiis
738 2865 895 2929 unamque
923 2845 1121 2926 infantulam,
1153 2864 1231 2929 quae

207 3014 469 3081 fflmhffib

157 3171 252 3227 sacci
269 3173 367 3241 aedom
394 3172 431 3239 os.
449 3173 488 3239 11,
505 3172 547 3236 ab,
567 3173 679 3229 Paesti
796 3174 866 3227 too
884 3174 913 3228 P
1013 3173 1099 3243 uhic]
1118 3190 1233 3245 namque

103 3262 155 3317 Me
240 3258 339 3313 uuirici
355 3259 392 3315 W
418 3258 539 3313 hunerici
556 3258 616 3313 rell.
704 3260 722 3311 8
739 3259 900 3313 mandando
915 3260 943 3313 B
958 3266 1026 3315 cate
1037 3276 1165 3315 rasurum

102 3345 192 3400 conda
222 3344 270 3399 W¹
304 3345 413 3413 quenda
441 3346 490 3401 W*
600 3344 740 3399 buniricus
771 3348 820 3402 W:
855 3345 1004 3401 hunuricus
1029 3346 1057 3402 B
1091 3346 1233 3401 hunericus

104 3435 164 3489 nst
263 3432 490 3487 wmmPOE
587 3431 925 3503 HmmfflmBWG
1026 3432 1234 3501 mmmmm

103 3520 226 3575 cussioue
243 3521 361 3572 metante
377 3518 477 3586 scripsi
495 3518 553 3571 coll.
572 3518 609 3581 H,
628 3518 669 3583 50,
687 3520 729 3579 51,
748 3517 802 3582 ΙΙΙ,
820 3519 867 3571 46:
895 3519 980 3585 primo
997 3518 1188 3572 discussionem
1206 3520 1235 3571 et

102 3610 169 3663 ante
191 3604 388 3660 sumtuosa
414 3604 500 3673 prims
522 3604 683 3658 discussione
706 3603 834 3671 (discurs-
852 3604 915 3668 PR)
938 3607 966 3656 et
983 3607 1045 3658 suto
1067 3604 1123 3675 (Ρβ
1149 3603 1234 3673 ρτίιιιο

104 3694 179 3747 lacta
195 3690 358 3746 discussione
376 3693 405 3744 ot
421 3706 446 3743 a
463 3690 511 3744 Lo
605 3688 685 3743 domu
703 3689 770 3745 P¹R
873 3691 906 3745 13
922 3689 969 3744 fiis
989 3690 1039 3745 W·
1145 3690 1176 3743 14
1193 3689 1233 3759 in]

102 3780 176 3849 add
280 3776 430 3831 truderetur
447 3776 476 3831 in
491 3776 647 3844 coniugium
664 3794 683 3830 a
785 3775 834 3829 deo
852 3776 947 3845 plenus
964 3775 993 3830 P
1094 3777 1127 3829 15
1144 3790 1235 3844 paruo

105 3866 192 3919 nisset
214 3864 261 3918 Pb
355 3862 516 3931 occumbat
543 3864 569 3918 V
674 3864 707 3917 16
730 3861 853 3915 indutias
875 3863 919 3917 ita
941 3860 1009 3915 Bw
1031 3862 1096 3927 (III,
1112 3862 1158 3926 28)
1192 3862 1235 3915 iu-

103 3952 190 4007 dicias
216 3951 245 4005 P
353 3950 386 4003 18
412 3950 559 4018 magistrae
580 3949 664 4003 V²Ms
689 3949 824 4018 magistra
849 3948 874 4003 0
982 3946 1108 4001 illecebra
1131 3946 1169 4001 Μ

107 4039 141 4093 19
163 4037 239 4093 uitae
262 4038 280 4106 β
382 4036 417 4089 20
439 4035 590 4100 satiasset
693 4036 815 4087 tomenta
830 4038 1011 4101 morosior
1028 4033 1089 4088 BV
1103 4032 1165 4101 (uis
1177 4049 1235 4102 χει

105 4122 235 4197 μάρροιιν
251 4124 300 4188 τῆς
317 4124 424 4193 τρυφῆς
437 4127 608 4181 connotatio
620 4118 730 4189 αὐτούς)
824 4121 858 4175 21
870 4119 1023 4173 diliciuum
1035 4118 1167 4174 BVOW¹

104 4211 141 4265 22
159 4209 284 4264 concisis
298 4208 336 4264 W
353 4209 480 4263 concissis
498 4209 514 4264 b
537 4208 627 4263 sois&
645 4208 766 4262 nostibus
843 4207 883 4272 H,
902 4206 918 4261 ‘l
936 4205 1121 4261 bumilitatem
1138 4207 1168 4261 in
1186 4205 1235 4261 illo

105 4296 207 4351 desum
224 4296 255 4349 io
272 4312 298 4359 ιι,
317 4311 373 4349 mco
389 4296 458 4360 solio
475 4294 618 4363 denudato
720 4293 755 4347 23
772 4294 888 4362 aequet
