2992 4967
433 350 670 418 Epistularum
691 348 782 403 liber·
799 348 834 405 V.
1134 348 1197 414 14?

68 539 215 615 tinentia,
253 539 307 623 qui
341 540 422 605 uiuis
452 540 641 624 imaginibus
676 540 828 605 seoretum
858 539 990 623 pectoris
1018 539 1081 605 oris
1109 538 1196 603 olane

68 642 265 709 manifestat.
289 642 395 726 patior
417 643 542 726 quidem
565 643 723 707 interdum
746 643 911 709 sanitatem
933 645 989 710 snb
1014 641 1199 725 paginarum

69 744 325 829 promulgatione
348 744 504 823 simulari,
528 762 699 828 numquam
714 750 820 810 tamen
835 747 924 811 uodo
944 746 994 810 his
1010 744 1126 810 muniis
1142 743 1198 810 ab·

69 848 187 913 stinare
210 848 265 931 qui
288 848 437 929 diligunt.
475 849 590 913 referat
619 849 697 914 iorte
720 849 902 933 magnitudo
923 852 1028 914 uestra
1052 847 1197 933 publieae

9 956 10 963 ’
49 950 283 1033 aooeupationis
312 969 417 1015 euram
445 951 550 1020 losum
577 953 703 1039 seriptis
732 951 942 1018 familiaribus
974 970 1036 1016 non
1068 951 1197 1018 deraso.

68 1052 119 1117 sod
138 1052 226 1117 idem
242 1055 345 1119 status
360 1057 437 1137 erat,
454 1073 526 1119 oum
538 1057 737 1137 praecedente
748 1055 888 1137 tempore
899 1054 1062 1138 conloquia
1071 1055 1196 1119 eulmen

67 1159 208 1221 nostrum
232 1158 340 1223 erebra
354 1156 533 1239 praestabat
554 1177 610 1223 neo
626 1160 673 1223 ita
687 1158 796 1223 aulicis
818 1158 984 1241 deputatos
998 1158 1196 1240 premebatur

68 1259 216 1339 merbiis,
240 1264 277 1324 ut
293 1261 439 1343 promissi
455 1260 568 1326 amoris
583 1260 767 1326 memoriam
789 1278 850 1326 non
863 1262 1002 1327 haberet.
1030 1262 1098 1343 quis
1115 1261 1195 1326 fanis

67 1363 176 1439 torisa
203 1364 275 1446 quis
291 1381 422 1427 eaerum
440 1363 578 1429 fontibus
594 1364 803 1430 clandestinus
819 1369 994 1430 susurrator
1008 1364 1196 1429 admiscuit?

40 1470 121 1531 naut
156 1464 240 1533 forto
262 1468 344 1550 quod
379 1467 480 1532 inerat
508 1467 547 1533 da
576 1468 740 1533 affectione
766 1468 951 1549 subreptum
979 1469 1019 1531 ad
1046 1465 1194 1531 iudioium

68 1569 264 1637 rettulistis?
289 1569 343 1634 sed
359 1589 416 1653 ego
432 1589 577 1653 ooeupnre
595 1589 651 1638 uos
666 1574 851 1656 paginarum
866 1571 1111 1655 promulgatione
1132 1587 1196 1633 non

69 1672 186 1753 differo,
210 1676 249 1739 nt
271 1673 310 1739 ad
332 1691 425 1739 nsum
440 1675 575 1739 notorem
598 1675 793 1741 cessantibus
813 1675 982 1759 promissae
1004 1672 1193 1757 dignationis

68 1776 206 1843 stimulis
231 1776 284 1841 nel
301 1776 501 1860 garrulitatis
515 1796 602 1843 meae
617 1779 776 1861 prouooati
798 1778 887 1859 fruge
901 1776 1046 1841 redeatis.
1070 1775 1201 1841 domine

69 1878 120 1959 mi,
143 1878 334 1962 obsequium
355 1880 553 1946 salutationis
574 1882 667 1963 plena
693 1880 873 1945 humilitate
893 1880 1070 1961 porsoluons
1092 1878 1194 1944 indico

41 1998 116 2047 nme
136 1982 258 2049 uostris
279 1982 426 2064 eupidum
450 2000 515 2049 esse
538 1983 717 2067 aspeotibus
739 1985 946 2067 praesentari,
969 1984 996 2047 si
1018 1984 1124 2047 tamur
1145 1982 1194 2047 ia·

70 2083 213 2151 ciendum
229 2085 390 2168 perpensis
415 2105 493 2169 quae
508 2086 597 2152 uobis
609 2087 693 2152 cordi
716 2104 782 2151 ossa
801 2105 865 2151 non
878 2085 988 2152 dubito
1004 2085 1193 2151 rescribatis.

119 2358 199 2427 lqni
220 2358 331 2427 scripsi,
361 2374 428 2427 quaa
446 2358 571 2415 BLTVb
674 2359 897 2429 3nnnquamV
997 2359 1194 2429 ilpraoeidouti

69 2442 92 2495 B
187 2444 318 2497 laulieis
337 2441 477 2513 deputatas
494 2444 535 2498 ita
553 2444 651 2499 LTVb
742 2445 926 2513 praemebatur
944 2445 971 2499 B
1064 2446 1193 2499 teanum

73 2528 94 2581 T
187 2532 345 2584 susurratur
362 2532 390 2585 B
493 2532 526 2584 11
545 2531 679 2586 retulistis
696 2531 779 2587 LTV
872 2534 904 2587 12
921 2531 1013 2586 ‹liffmo
1031 2533 1081 2599 Bb,
1105 2532 1193 2586 deiero

70 2614 144 2671 ΜΨ
243 2615 275 2670 14
292 2616 359 2669 mihi
378 2616 462 2671 BLV
553 2617 725 2672 salutationis
743 2618 898 2687 obsequium
918 2616 1000 2671 Susa
1096 2618 1130 2672 15
1146 2632 1192 2670 ea-

69 2702 168 2767 pidinm
187 2702 217 2757 Β
