2992 4967
649 299 763 368 ltagui
781 298 912 354 Felicis
928 299 1062 355 liunodi

788 504 875 572 XVI.

627 640 813 698 LNNODIVS
835 640 1036 698 ADEODATO.

312 763 397 831 Olim
429 767 469 831 ad
503 763 707 831 beatitudinis
742 765 816 830 tuae
849 764 969 847 scripta
1000 767 1230 849 responderam,
1252 766 1282 832 si
1304 764 1402 831 facile

269 868 382 935 fuisset
404 868 536 933 Romam
567 866 768 952 pergentium
797 866 911 933 itinera
936 868 1134 951 deprehendi.
1180 868 1401 935 ecclesiastiea

270 970 431 1037 humilitas
449 990 468 1036 a
483 970 592 1037 muudi
613 971 797 1053 potentibus
819 971 909 1056 quasi
931 992 980 1038 res
994 974 1158 1056 peregriua
1173 972 1342 1038 transitur.
1366 976 1402 1035 ut
1423 990 1435 1031 e

270 1075 408 1157 primum
427 1074 532 1140 tamen
547 1075 679 1140 domnus
694 1074 860 1141 Dioscorus
875 1076 1007 1141 Romam
1024 1076 1204 1159 perfunctus
1219 1074 1263 1158 pii
1280 1073 1402 1140 laboris

270 1176 424 1243 remeauit
446 1176 557 1253 officio,
581 1177 619 1242 ad
642 1178 878 1243 restitutionem
906 1178 1004 1245 debiti
1024 1179 1232 1245 reuerentiam
1255 1179 1403 1244 uestram

271 1281 444 1365 suspiciens
468 1281 636 1365 adspiraui.
671 1298 728 1346 uos
750 1278 832 1347 filios
855 1285 985 1361 uestros,
1008 1282 1157 1347 domnum
1173 1283 1328 1348 Faustum
1353 1280 1404 1344 uel

271 1386 411 1451 sanctam
433 1386 614 1469 progeniem
636 1384 735 1469 ipsius
758 1384 860 1452 redire
876 1384 1009 1451 Romam
1025 1385 1158 1468 cupitis,
1182 1403 1237 1451 nos
1252 1402 1403 1450 manere:

272 1490 375 1574 dispar
391 1488 545 1555 sententia
557 1489 596 1554 ad
608 1506 706 1553 uuum
717 1488 889 1554 affectionis
901 1488 1012 1554 callem
1024 1488 1091 1554 sine
1103 1506 1205 1553 errore
1219 1487 1402 1553 reuertitur.
1411 1503 1434 1543 ιο

271 1593 347 1658 deus
370 1596 474 1657 tamen
497 1592 633 1675 optimus
656 1589 851 1673 dispeusator
873 1592 955 1673 quod
981 1590 1124 1657 felicitati
1154 1592 1219 1657 eius
1242 1590 1306 1655 scit
1329 1606 1404 1654 oou-

272 1696 378 1759 neuim
411 1696 564 1778 disponat.
609 1692 686 1758 mihi
720 1694 824 1759 domui
847 1694 956 1758 Fausti
989 1712 1174 1777 suorumque
1206 1691 1402 1775 prosperitas

272 1796 466 1879 praesentiae
488 1798 558 1862 uice
580 1794 750 1862 blanditur.
796 1795 920 1862 domiue
956 1796 1011 1873 mi,
1045 1796 1242 1861 salutationis
1276 1796 1404 1860 cultum

273 1898 363 1981 pleno
397 1916 501 1964 amore
535 1898 707 1964 dissolueue
740 1899 878 1964 codicem
911 1918 1002 1982 quem
1036 1898 1165 1964 dedistis
1199 1897 1266 1962 filio
1294 1900 1402 1963 uestro

274 2001 386 2065 domuo
408 2000 566 2084 praefecto
588 2003 745 2067 remeante
767 2002 966 2068 transmitto:
1010 2020 1066 2067 uos
1095 2018 1201 2065 meum
1229 2001 1286 2064 aut
1308 1998 1435 2064 illuns

274 2122 366 2186 quem
395 2102 594 2186 promisistis,
610 2104 638 2170 si
655 2104 818 2187 placuerit,
831 2104 995 2185 destinate,
1007 2104 1087 2171 illud
1100 2108 1205 2168 tamen
1220 2101 1402 2184 specialiter

275 2206 475 2285 conferentes,
491 2210 528 2271 ut
543 2207 719 2272 orationum
730 2208 1084 2291 uestrarumuumquam
1095 2225 1145 2272 me
1157 2204 1404 2288 propugnatione

274 2311 407 2389 nudetis,
430 2308 632 2393 quianullus
661 2311 739 2375 mihi
768 2329 875 2376 murus
896 2310 999 2393 potior
1022 2330 1088 2377 esse
1110 2309 1258 2375 aduersus
1281 2303 1403 2391 peccati

276 2414 406 2480 arietem
430 2413 552 2495 poterit,
575 2412 718 2497 quamsi
741 2413 871 2479 illarum
893 2433 944 2479 me
967 2415 1067 2479 tutela
1090 2412 1273 2479 defenderit.

788 2618 889 2683 XVII.
1411 2633 1433 2673 a

625 2752 809 2809 undourvs
834 2752 1051 2811 sponsalia

319 2876 389 2941 Non
413 2877 523 2945 clauda
545 2877 620 2941 fides
643 2876 691 2941 est
713 2875 867 2958 opinionis
889 2877 1043 2958 autiquae,
1067 2893 1146 2959 quae
1160 2874 1306 2959 perhibet
1322 2874 1403 2957 quod

277 2981 490 3064 propinquitas
525 2980 647 3063 generis
683 2998 744 3045 uon
781 2978 966 3044 defrudatur
1001 2980 1238 3062 longinquitate
1257 2980 1402 3063 regionis

278 3085 405 3146 manent
426 3080 616 3161 familiarum
639 3082 704 3147 suis
727 3082 797 3147 iura
820 3082 999 3147 cardinibus
1027 3101 1083 3147 noc
1104 3085 1278 3165 quaesunt
1301 3082 1402 3147 diuiso

277 3182 465 3250 habitaculis
488 3182 693 3249 dissociantur
715 3185 895 3249 animabus:
939 3185 1092 3268 percurrit
1121 3186 1279 3251 aetherius
1303 3184 1433 3266 uigoris

277 3285 466 3369 ubicumque
491 3288 592 3351 caruis
616 3286 798 3370 cognatione
810 3288 999 3371 producitur,
1022 3287 1056 3351 et
1069 3287 1126 3353 illa
1139 3287 1281 3355 caelestis
1296 3285 1397 3371 portio

278 3389 371 3454 unius
392 3391 511 3471 patriae
534 3407 595 3454 nou
618 3388 799 3455 continetur
821 3391 985 3475 augustiis.
1031 3392 1147 3475 siaiu,
1186 3394 1299 3458 domus
1322 3406 1398 3463 mea

328 3624 401 3681 XVI.
436 3627 454 3679 4
480 3626 582 3679 itenere
609 3623 636 3677 Β
737 3624 914 3695 depraehoudi
940 3626 969 3680 Β
1083 3626 1100 3680 6
1127 3624 1279 3683 dihosooms
1307 3628 1335 3682 Β

278 3714 295 3768 8
318 3712 464 3781 suscipiens
489 3710 516 3765 L
623 3708 764 3781 sanstus]
789 3711 903 3766 Paulum
927 3711 1010 3766 Sirra.
1122 3712 1154 3767 12
1176 3712 1280 3781 mihim!
1306 3712 1335 3767 Β

279 3798 356 3887 l3rir
378 3832 408 3898 T,
435 3832 503 3887 mihi
521 3829 607 3885 BLV
707 3832 740 3886 16
758 3832 926 3901 promisistes
945 3831 972 3887 Β

330 3934 419 3991 XVII.
453 3936 486 3991 21
514 3938 631 4005 apoemio
661 3936 687 3990 Τ
796 3936 831 3990 22
856 3937 932 3991 clade
958 3938 996 3992 B¹
1104 3942 1147 3993 eet
1172 3954 1224 3994 om.
1251 3937 1333 3993 Sirra

279 4023 389 4092 antiquo
411 4023 438 4077 Β
542 4022 576 4077 23
600 4038 651 4076 nou
669 4024 695 4077 d.
713 4023 731 4076 l.
751 4022 870 4093 regionis
887 4039 938 4079 om.
957 4024 984 4079 L
1009 4022 1074 4081 aad.
1092 4028 1125 4081 ia
1141 4040 1194 4095 otg-
1295 4022 1397 4079 defrau-

280 4143 357 4198 ean:
369 4142 446 4283 ΜΞ
521 4144 554 4197 se
567 4109 738 4199 essiones
834 4146 996 4201 eamear
1096 4146 1130 4201 aa
1146 4144 1290 4214 pauses
1307 4144 1334 4197 a

279 4230 312 4287 27
332 4244 401 4285 uuus
449 4232 457 4259 ¹
