2992 4967
275 349 317 414 58
633 344 751 415 blagni
767 343 894 400 Felicis
912 343 1043 400 Ennodi

274 537 448 621 praeceptis
471 534 537 600 eius
561 531 774 600 adcommoda.
803 531 915 614 quibus
949 534 1031 600 enim
1061 533 1258 600 sermonibus
1293 550 1399 616 prose·

275 639 414 724 quendus
443 641 489 704 est
511 637 564 704 cui
585 638 689 702 totum
712 636 937 720 magnitudinis
965 636 1089 702 uestrae
1116 636 1190 704 licet
1212 655 1339 721 sperare
1360 637 1399 704 de

274 741 399 828 gratia?
422 743 466 807 ita
482 738 613 820 eueniet,
638 741 674 804 ut
690 739 875 822 angustiora
887 737 954 804 sint
968 739 1172 823 supplicantis
1194 741 1290 808 uerba
1305 757 1399 823 quam

274 847 388 912 merita
409 843 583 927 perlatoris.
608 843 683 926 quid
707 841 792 908 enim
814 842 953 925 praestes
973 839 1141 908 iuuaminis
1163 842 1230 920 illi,
1262 860 1318 926 pro
1340 860 1399 927 quo

275 947 478 1032 quantumuis
493 945 678 1032 poposceris,
701 946 771 1027 plus
790 945 949 1010 meretur?
971 962 1044 1029 ergo
1065 948 1104 1012 ad
1127 943 1195 1010 stili
1217 945 1400 1012 exercitium
1420 969 1432 1010 a

275 1052 444 1136 iunguntur
459 1051 543 1126 baec,
566 1067 627 1116 uon
644 1049 685 1115 ad
700 1048 887 1114 beneficium
908 1048 1108 1116 conmeantis.
1148 1050 1236 1116 iuuat
1258 1048 1399 1115 animum

273 1153 332 1220 sub
357 1154 466 1238 queuis
490 1153 650 1222 occasione
673 1153 771 1219 uestri
794 1151 983 1232 meminisse,
1006 1152 1081 1218 lieet
1109 1153 1269 1219 nominato
1299 1154 1398 1235 scrip·

276 1257 360 1326 tione
383 1256 428 1322 nil
449 1256 596 1324 imbuam.
622 1273 692 1322 ecce
714 1255 819 1322 tamen
844 1255 918 1338 quia
941 1253 988 1320 lta
1009 1253 1112 1322 iussus
1133 1274 1219 1334 sum,
1243 1256 1300 1322 illa
1321 1273 1398 1339 quae

274 1363 474 1446 praestantur
497 1357 649 1426 extraneis
670 1358 894 1425 insinuationis
917 1359 1000 1424 dicta
1021 1359 1184 1442 subiungo.
1213 1357 1321 1425 iuuate
1343 1376 1398 1425 uos

272 1463 473 1550 peculiariter
494 1464 712 1548 expetentem,
736 1461 885 1528 fiduciam
907 1460 973 1528 eius
996 1461 1177 1548 dignatione
1199 1461 1431 1528 roboranteetn

273 1569 420 1651 quicquid
431 1585 483 1650 spe
495 1567 647 1650 praecipit
659 1567 809 1649 inueniat,
822 1565 899 1631 uisi
909 1565 1094 1631 meritorum
1104 1583 1231 1630 suorum
1243 1568 1397 1648 augustus

272 1673 456 1738 aestimator
478 1671 536 1746 est,
560 1670 599 1735 ad
622 1687 671 1734 me
692 1668 808 1738 referat
829 1670 976 1752 quicquid
1000 1668 1096 1734 fuecit
1118 1673 1311 1735 consecutus.
1342 1669 1397 1734 ob·

272 1775 412 1858 sequium
436 1774 634 1840 salutationis
658 1773 831 1856 inpendens
853 1774 1007 1856 supplico,
1046 1773 1082 1837 ut
1104 1771 1219 1840 crebris
1241 1791 1292 1838 me
1315 1773 1396 1838 rele-

275 1879 411 1944 uandum
428 1877 549 1944 ducatis
573 1875 741 1954 adfatibus,
766 1877 815 1942 cui
837 1875 920 1944 inter
943 1877 1092 1944 maeroris
1114 1876 1252 1943 sardinas
1273 1877 1398 1942 nullum

273 1983 395 2062 praeter
419 1980 479 2044 oris
502 1979 600 2044 uestri
623 1978 736 2045 solacia
760 1981 861 2061 potest
883 1997 950 2046 esse
972 1977 1156 2046 subsidium.
1407 1997 1429 2038 rs

784 2163 886 2229 XVII.

608 2299 792 2355 ENNODIVS
819 2299 1052 2355 CONSTANTIO.

313 2425 414 2490 Nemo
437 2425 582 2506 peritiam
603 2439 752 2508 pomposa
767 2422 939 2489 elocutione
954 2423 1140 2488 condemnat
1160 2441 1218 2488 nec
1238 2441 1393 2507 spernen-

270 2529 345 2592 dum
370 2545 440 2592 cum
464 2527 580 2609 pudore
603 2527 690 2592 ducit
712 2526 878 2609 essequod
900 2527 1056 2609 sequitur:
1079 2527 1130 2591 sui
1143 2525 1334 2610 inpugnator
1349 2529 1396 2590 est

273 2630 413 2712 quisquis
436 2629 625 2697 elucubratis
641 2628 838 2695 sermonibus
860 2628 987 2714 linguae
1010 2630 1132 2695 cultum
1154 2627 1317 2712 praedicat
1338 2630 1441 2694 abac,

269 2733 373 2798 iurari.
400 2751 456 2816 ego
473 2738 576 2798 tamen
592 2735 624 2798 in
639 2732 784 2815 epistulis
800 2731 1026 2815 magnitudinis
1051 2734 1175 2798 uestrae
1197 2731 1395 2816 diligentiam

271 2855 401 2918 semper,
425 2853 486 2901 non
510 2837 605 2900 uerba
627 2835 756 2918 pensaui
778 2851 835 2899 nec
850 2834 1038 2900 adiutricem
1059 2834 1199 2901 malitiae
1214 2835 1396 2902 facundiam

271 2941 373 3006 maius
395 2941 532 3022 pretium
555 2937 667 3004 babere
691 2938 797 3003 censui
820 2957 913 3020 quam
936 2938 1181 3022 simplicitatem,
1205 2957 1285 3020 quae
1308 2939 1395 3005 infu-

272 3046 343 3107 cata
365 3041 467 3105 fronte
483 3044 637 3106 secretum
652 3040 769 3105 mentis
783 3041 937 3106 enuntiat.
959 3041 1019 3106 hoc
1032 3043 1066 3106 in
1079 3042 1199 3106 sanctis
1213 3041 1395 3108 bominibus

269 3147 301 3208 et
324 3144 429 3208 amani
451 3161 574 3228 semper
589 3144 621 3208 et
645 3142 734 3209 colui.
759 3160 817 3225 ago
834 3162 915 3209 nunc
931 3144 1023 3227 atque
1039 3143 1137 3208 habeo
1160 3143 1288 3228 gratias,
1311 3145 1428 3226 quoda

320 3413 410 3467 laius
432 3412 492 3468 Ts.
510 3413 527 3468 l.
547 3415 617 3466 Μ
720 3411 820 3466 2licit
836 3413 875 3466 Β1
978 3413 1156 3482 4ρτοὶαῒοτίε
1174 3413 1213 3467 ΒΙ
1317 3431 1394 3484 prae·

266 3500 315 3554 stis
333 3499 361 3554 Β
464 3498 612 3553 leuamenis
630 3499 657 3552 Β
766 3500 783 3553 5
806 3501 953 3553 mereantur
970 3499 1032 3564 (rei
1048 3504 1128 3567 crue.)
1145 3500 1173 3554 la
1276 3502 1293 3554 6
1317 3500 1394 3556 beni·

266 3584 355 3642 ficium
373 3584 402 3639 Β
502 3585 579 3638 icuat
597 3584 623 3637 B
728 3584 743 3638 7
762 3585 899 3640 occasione
918 3585 955 3640 Β
976 3591 1007 3638 ut
1025 3585 1137 3639 cisimus
1239 3587 1394 3641 miminisse

266 3672 304 3727 Β
397 3670 502 3724 8nihil
521 3669 603 3724 Siros.
698 3670 738 3723 ita
755 3685 806 3724 cm.
824 3670 905 3725 Sisara
1002 3670 1085 3725 9uos
1102 3671 1199 3725 orM
1294 3671 1392 3742 101»-

267 3757 438 3812 culiriterL¹
526 3757 706 3824 expectantem
720 3755 746 3808 B
833 3757 946 3813 crasson
960 3757 1047 3825 (einai
1060 3756 1182 3826 eras.)L
1267 3759 1300 3814 11
1313 3759 1392 3829 quid·

265 3857 330 3928 quid
349 3859 375 3911 Β
488 3857 602 3927 precipit
625 3859 650 3911 T
664 3857 711 3912 eccl
728 3875 751 3913 e.
768 3859 786 3913 1.
804 3861 878 3914 Μ
903 3857 1064 3928 lpreeumlt
1178 3861 1210 3915 1³
1227 3850 1392 3917 ”leuandum

266 3945 293 3998 Β
398 3943 431 3996 14
449 3943 557 3997 meroris
577 3943 687 3998 BLTV

315 4061 404 4118 XVII.
442 4063 473 4117 19
491 4061 557 4118 dicit
577 4063 624 4118 Pb
728 4065 892 4133 aequisque
912 4061 955 4120 Pb
1059 4064 1218 4122 elucubratis
1237 4066 1273 4132 B,
1302 4067 1391 4122 eluca-

265 4147 423 4236 brarrtisL
534 4149 567 4204 23
591 4149 728 4218 magisT
830 4147 930 4204 temni
950 4151 971 4219 (i
990 4154 1071 4215 erae.)
1090 4151 1116 4205 L
1229 4151 1262 4206 24
1285 4153 1390 4208 crnibus

267 4254 292 4308 Τ
394 4253 427 4307 25
447 4253 573 4322 adqueB
