2992 4967
423 406 426 413 Ι
448 332 685 403 Epistularum
710 332 800 387 liber
818 332 852 386 V.

78 520 241 589 credimus
268 540 324 589 neo
350 522 528 605 praelatum
555 522 636 587 sadis
663 521 848 606 apostolieae
868 522 1047 607 praesulem
1069 542 1126 589 nec
1147 542 1212 603 uos,

77 626 137 707 qui
159 622 344 691 mediatores
367 626 515 705 existitis,
538 626 624 693 aliud
647 626 795 710 cogitare,
817 626 878 693 nisi
900 626 980 711 quod
1002 630 1035 693 et
1056 628 1212 711 proposito

76 732 113 793 et
135 728 278 794 institiae
303 728 370 795 sine
393 728 589 797 dubitatione
612 730 785 795 conueniat.

594 901 701 967 XIIII.

50 1040 63 1079 s
432 1019 616 1077 ENNODIVS
642 1020 862 1077 SERVHrIONI.

122 1126 170 1190 Ile
205 1125 392 1209 perfectione
427 1126 588 1192 confidunt
620 1126 782 1211 discipuli,
817 1128 959 1209 quotiens
989 1129 1211 1211 magistrorum

73 1228 290 1311 praesentiam
319 1230 568 1312 praestolantur:
597 1248 668 1313 spes
697 1229 880 1295 erudItionis
903 1228 1071 1295 manifesta
1094 1232 1150 1310 est,
1173 1234 1210 1295 ut

74 1332 204 1396 fruatur
226 1333 317 1417 genio
338 1352 403 1411 suo,
430 1333 564 1399 inuitare
580 1333 755 1399 doctorem:
778 1332 863 1397 clara
885 1335 959 1397 sunt
981 1333 1115 1417 ingenia,
1132 1351 1210 1418 quae

73 1434 292 1501 instruentum
307 1436 469 1519 agitentur
485 1436 661 1501 desideriis:
680 1436 867 1501 monitorem
882 1436 1043 1517 requirnnt
1058 1436 1111 1517 qui
1125 1434 1209 1500 felici

38 1542 164 1603 resorte
186 1524 372 1605 didicerunt.
400 1543 444 1607 sic
466 1559 523 1625 ego
545 1540 726 1606 sanctitatis
750 1544 822 1603 tuae
846 1538 1017 1603 adlectIone
1039 1555 1208 1622 possessus,

73 1658 270 1723 quamquam
292 1662 342 1707 ma
366 1645 404 1709 de
425 1643 538 1727 peritia
561 1644 677 1708 iactare
699 1660 762 1706 non
786 1641 929 1717 audeam,
953 1642 1079 1705 uultum
1102 1643 1208 1705 terum

73 1746 284 1827 praeceptoris
298 1750 434 1828 expecto,
448 1765 487 1811 ne
499 1746 644 1831 degeneri
659 1750 691 1812 te
706 1746 814 1811 eredas
828 1744 1070 1811 ecclesIasticum
1080 1761 1208 1827 germen

75 1846 143 1914 lilio
169 1849 366 1928 conmisisse,
395 1850 468 1933 qnia
490 1852 634 1933 quamuis
663 1851 816 1917 memoria
843 1868 913 1915 mea
939 1850 978 1914 ad
1007 1848 1154 1913 centenos
1175 1865 1209 1913 se

75 1968 141 2015 non
171 1951 275 2017 ualeat
304 1953 423 2019 fructus
445 1954 601 2033 extollere,
631 1956 692 2019 seit
714 1958 821 2019 tamen
849 1952 968 2017 semina
995 1950 1210 2032 multiplicata

39 2072 65 2111 rs
74 2054 241 2119 redhibere
271 2056 392 2121 cultori.
416 2056 488 2121 ueni
510 2074 592 2140 ergo,
622 2059 788 2121 uteorum
809 2054 932 2138 pesitus
960 2056 1098 2138 segetem
1119 2056 1209 2121 tuam

76 2156 153 2222 boni
177 2156 332 2239 agricolae
365 2159 431 2223 uice
454 2158 611 2240 respicies.
646 2157 721 2223 dens
751 2160 862 2242 procul
889 2158 1012 2223 auertat
1044 2156 1208 2223 inuidiam

74 2260 125 2325 ita
147 2260 326 2327 nemoribus
348 2262 411 2327 tuis
433 2261 661 2327 ecclesiastieae
685 2259 892 2327 fecunditatis
913 2261 1023 2344 planta
1037 2261 1207 2338 conualuit,

74 2364 114 2427 ut
135 2362 225 2427 nulla
246 2364 413 2429 saeuientis
436 2364 590 2446 procellae
612 2363 713 2446 pessit
741 2362 917 2445 inpulsione
943 2363 1096 2431 subuerti.
1135 2364 1207 2430 nolo

72 2464 249 2548 praiudIcio
276 2466 378 2532 laudis
400 2467 580 2531 sanctitatis
614 2469 686 2531 tuae
722 2484 853 2549 granum
886 2466 1124 2533 conscientiam:
1157 2465 1207 2533 in·

39 2568 190 2653 respicies
214 2588 293 2652 quae
315 2568 493 2637 litterarum
515 2569 695 2635 testimonio
718 2569 926 2635 declarantur.
960 2574 1100 2652 superest
1120 2571 1206 2636 salu·

72 2672 196 2739 tatione
218 2674 368 2755 praelata,
400 2678 436 2738 ut
458 2674 498 2739 ad
519 2675 632 2758 gaudia
655 2674 709 2737 tua
731 2672 798 2737 iam
819 2690 973 2756 properes,
1004 2672 1078 2755 quia
1098 2672 1207 2739 diuina

72 2774 228 2841 beneficia
248 2775 396 2858 madibus
424 2794 544 2860 semper
573 2778 723 2841 accedunt
751 2779 782 2840 et
805 2777 916 2858 quibus
939 2776 1018 2841 bona
1040 2775 1207 2843 conferunt

72 2877 207 2944 meliora
229 2878 424 2959 pollicentur.

605 3016 676 3083 XV.

41 3140 65 3183 rs
453 3132 635 3189 ausonius
662 3132 828 3189 sauram.

118 3236 301 3321 Numquam
317 3240 399 3320 apud
413 3238 505 3303 deum
521 3240 593 3305 fusa
614 3240 788 3323 deprecatio
812 3238 921 3304 uotiuo
935 3190 1070 3305 nudatur
1085 3240 1204 3322 effectu,

73 3344 156 3425 apud
181 3360 271 3425 quem
302 3341 446 3408 hilaritas
475 3344 613 3409 lacrimis
642 3344 803 3409 obtinetur
831 3346 862 3408 et
885 3361 1005 3408 maeror
1033 3345 1149 3409 transit
1170 3345 1202 3409 in

128 3532 141 3583 1
161 3528 293 3599 presulem
310 3528 338 3583 B
441 3530 458 3582 2
475 3530 610 3584 exsistatis
629 3530 656 3585 B

126 3613 221 3670 XIIII.
256 3615 272 3667 ‘l
296 3614 481 3683 prestulantur
498 3616 531 3669 ’Β
633 3616 849 3670 9instrnentem
867 3616 895 3670 L
996 3615 1030 3670 10
1047 3615 1203 3671 dedicerant

73 3702 134 3757 BV
228 3702 259 3755 ll
279 3716 429 3770 quanquam
449 3700 504 3755 LV
593 3701 705 3771 peritiae
722 3702 750 3756 B
845 3703 878 3757 12
895 3701 1090 3786 degenerilrete
1107 3702 1134 3757 Β

72 3804 107 3857 13
126 3802 264 3857 cominisse
283 3802 310 3856 L
407 3803 441 3857 14
459 3804 567 3857 ualeant
585 3804 612 3858 B
710 3804 743 3857 15
761 3803 898 3859 redhibere
916 3805 990 3871 Bm,
1015 3804 1133 3860 redibere
1150 3804 1206 3862 LP

74 3888 146 3955 W,
173 3886 320 3943 redderet
423 3890 535 3958 segitem
562 3890 601 3944 B¹
705 3891 737 3944 16
761 3893 861 3945 auertit
884 3888 931 3955 L¹,
961 3890 1086 3945 aduertat
1110 3892 1136 3946 Τ

75 3974 107 4026 17
126 3972 300 4027 reconditatir
330 3974 364 4027 T*
473 3975 595 4044 plantam
622 3976 649 4031 L
752 3977 857 4031 cualuit
883 3977 910 4031 L
982 3963 989 3977 ’
1022 3978 1055 4032 18
1080 3978 1203 4047 pulsione

74 4058 101 4111 L
200 4058 232 4113 19
244 4058 388 4129 paludicio
402 4076 435 4115 etc
445 4062 589 4130 preiuditio
608 4062 635 4117 L
646 4079 681 4116 m.
694 4069 753 4117 arri.
847 4063 882 4117 20
893 4062 1083 4117 salutationem
1094 4064 1133 4118 L¹

74 4142 107 4196 21
125 4160 267 4229 poroperes
285 4145 312 4200 L
413 4146 447 4200 22
466 4146 593 4201 accedant
611 4147 658 4213 L¹‚
684 4148 819 4203 adcedunt
835 4147 864 4201 B

126 4246 183 4305 xv.
214 4232 323 4303 aeufiffi
337 4250 373 4304 ι’
444 4250 575 4304 ustiure
644 4251 676 4304 er
690 4253 828 4321 operase
845 4252 871 4306 V
936 4268 1025 4306 maror
1038 4251 1148 4307 anno
