2992 4967
409 1013 605 1100 LIBER
643 1010 908 1098 T'ERPIVE

653 1217 679 1284 I.

375 1353 550 1408 sanarem
571 1351 743 1409 EPISCOPO
759 1351 952 1407 eunomus.

142 1477 324 1546 Primores
346 1479 395 1545 est
417 1481 524 1542 saneto
548 1478 730 1540 conueniens
759 1475 826 1539 sine
849 1473 1045 1540 dubitatione
1067 1477 1225 1559 proposito

98 1583 213 1666 sponte
234 1599 292 1663 pro
311 1578 434 1649 iustitia
456 1579 558 1646 lacere
575 1577 722 1662 quicquid
738 1577 793 1644 ulii
817 1576 918 1642 solent
932 1577 1058 1642 monitis
1074 1576 1224 1654 exhihere,

75 1685 158 1751 seed
180 1683 337 1750 honestati
359 1681 498 1766 proximu
526 1680 579 1747 uel
600 1682 737 1750 secunda
764 1681 858 1745 rectis
888 1677 1142 1768 suggestionibus
1164 1697 1225 1748 non

98 1787 236 1872 grauari.
259 1788 293 1852 in
315 1805 377 1870 que
397 1791 487 1869 purte
509 1787 540 1850 et
561 1789 588 1850 si
610 1784 785 1874 principem
808 1783 912 1850 locum
935 1801 996 1849 non
1019 1783 1156 1868 possidet
1171 1785 1224 1870 qui

99 1894 262 1970 mouetur,
286 1889 380 1954 habet
401 1890 509 1954 temen
531 1887 582 1954 dei
603 1889 756 1972 gratiam,
787 1889 868 1974 quod
891 1885 1035 1952 ueritatis
1058 1885 1224 1953 insinuati·

102 1992 218 2060 onibus
241 2011 300 2062 nou
323 1994 483 2080 repugnat.
507 2011 632 2061 causam
655 2010 727 2078 ergo
751 1991 952 2074 praelationis
974 1989 1108 2068 insinuo,
1131 2008 1170 2054 ne
1192 1991 1224 2053 et

101 2117 161 2185 ego
184 2097 358 2164 utilitatem
373 2114 475 2162 meam
490 2093 613 2160 differre
636 2096 740 2161 uidear
763 2094 941 2178 prolixitate
955 2110 1141 2158 sermonum.
1165 2089 1223 2155 du-

62 2202 179 2270 rodum
207 2219 262 2283 per
284 2218 335 2265 me
357 2199 538 2283 suppliciter
559 2197 730 2281 postulaui,
760 2200 796 2261 ut
825 2197 864 2262 de
886 2194 1059 2280 mancipiis,
1083 2212 1161 2278 quae
1184 2193 1222 2258 de

98 2322 172 2370 cesa
194 2321 266 2370 mea
287 2320 306 2367 a
327 2302 438 2368 uestis
461 2301 631 2368 sollicitate
653 2302 827 2377 constabat,
851 2319 947 2366 unum
968 2298 1046 2364 mihi
1068 2295 1153 2384 quod
1171 2316 1219 2360 re-

98 2410 260 2474 manserat
283 2405 473 2472 redderetur.
497 2404 626 2470 dedistis
642 2403 786 2486 preoibus
799 2403 879 2469 meis
894 2406 1003 2467 sancta
1019 2401 1223 2486 promissione

97 2527 297 2594 responsum,
335 2509 372 2573 ut
394 2506 520 2573 etiamsi
542 2503 631 2571 uobis
654 2523 730 2588 puer
752 2506 817 2592 ipse
846 2505 914 2569 iure
935 2505 1131 2590 conpeteret,
1168 2521 1224 2568 uos

100 2615 210 2678 tamen
230 2611 367 2694 gratiam
389 2609 560 2676 commodis
583 2609 743 2676 anteferre.
767 2626 905 2692 regresso
928 2629 979 2673 me
1002 2609 1040 2674 de
1060 2609 1223 2690 Rauenna,

61 2713 181 2798 nequod
205 2713 293 2778 dictu
315 2711 401 2778 nefus
425 2713 487 2791 est,
521 2729 577 2796 pro
600 2711 734 2795 peccatis
757 2712 835 2775 meis
857 2709 1001 2779 ellectum
1024 2711 1224 2777 sacerdotalis

96 2815 238 2882 definitio
263 2816 375 2883 bebere
391 2833 452 2880 uon
467 2815 580 2900 potuit.
603 2813 744 2880 adscribo
767 2813 888 2879 meritis
912 2815 1007 2892 meis,
1031 2813 1112 2895 quod
1135 2813 1223 2878 cuius

96 2937 150 2984 ore
173 2920 340 2984 damnatur
362 2917 557 2984 mendacium
580 2919 700 2984 statute
715 2917 858 2984 uiolauit.
882 2936 952 2983 ecce
976 2916 1090 2982 iterum
1111 2935 1163 2983 me
1184 2915 1223 2981 sd

96 3021 320 3089 conscientiam
342 3021 479 3088 uestrum
500 3020 616 3098 refero,
647 3037 714 3087 ecce
738 3020 820 3104 quod
851 3018 954 3086 filium
975 3021 1062 3085 decet
1084 3017 1222 3099 exhibeo,

96 3128 135 3188 ut
156 3141 212 3210 per
232 3123 399 3190 sublimem
429 3123 461 3189 et
482 3121 682 3206 magnificum
705 3123 809 3190 uimm
831 3123 980 3189 domuum
1001 3121 1162 3188 Victorem
1183 3122 1224 3187 ud

58 3225 313 3292 rehumilitatem
342 3225 497 3292 conferam
528 3225 675 3310 quicqmd
701 3226 782 3291 mihi
803 3228 926 3312 poterat
954 3225 1061 3311 legum
1084 3223 1223 3290 saeculu-

97 3327 181 3394 rium
204 3328 390 3394 auctoritate
405 3330 568 3410 praestari.
590 3330 694 3395 uidete
710 3327 736 3393 si
759 3347 831 3395 reus
846 3349 927 3407 eum,
952 3331 1005 3411 qui
1021 3328 1102 3411 elegi
1117 3327 1223 3391 uirum

97 3432 278 3498 antistitum
301 3433 437 3498 moribus
460 3434 696 3518 congruentem,
734 3433 788 3515 qui
817 3435 869 3498 uel
894 3432 1003 3497 contra
1031 3429 1222 3513 aequitatem

96 3534 339 3619 repugnantium
367 3533 521 3600 indomite
548 3537 654 3616 posset
677 3535 771 3602 corde
800 3535 933 3601 mollire.
973 3531 1120 3598 effectum
1142 3531 1224 3597 mihi

146 3752 170 3807 1.
205 3751 379 3810 2111111111
397 3769 447 3810 ont
468 3755 492 3806 T
591 3757 608 3808 4
627 3753 759 3824 quidquid
776 3755 804 3809 Β
899 3754 1007 3810 aliisi*
1106 3751 1223 3812 stoue

94 3841 166 3894 stete
187 3839 214 3894 1'
313 3840 485 3908 suggestibus
514 3841 549 3893 Τ*
660 3841 677 3896 6
705 3841 824 3910 possedit
850 3842 878 3898 Β
987 3838 1154 3907 renodi

95 3923 290 3992 llpmleritete
307 3923 336 3978 Β
446 3926 479 3980 10
496 3941 546 3994 pro
562 3941 605 3984 me
621 3927 691 3993 fort.
794 3926 956 3994 suppleciter
972 3926 1109 3995 postulaui
1125 3925 1153 3980 Β

95 4009 472 4068 lluumersntl'm.2
579 4011 1224 4078 idetidmaletcescilioet,cfill'im

95 4093 215 4150 Mn
233 4094 273 4148 II
281 4111 311 4162 pe
329 4098 387 4154 2411
497 4097 531 4154 14
556 4097 687 4154 antcloeit
705 4097 739 4152 Β
757 4103 790 4152 cet
806 4097 922 4153 uidam
1033 4098 1066 4153 16
1091 4097 1221 4156 diffinitio

94 4179 161 4234 Plu
248 4181 280 4235 11
298 4179 459 4235 damnentur
475 4181 503 4236 L
596 4183 629 4238 18
645 4183 745 4254 filium]
762 4182 882 4239 fidelium
899 4184 927 4240 B
1014 4184 1152 4239 19111111
1170 4201 1221 4238 orn.

92 4300 120 4352 e
201 4299 447 4370 serenissime,
460 4268 664 4358 messuisse
746 4305 1189 4374 montemaureum
