2992 4967
289 352 332 419 60
685 344 843 403 Uietoris
861 346 1019 405 bisensis

294 538 436 606 sensibus
458 537 641 615 indulcetur,
672 536 856 605 seelestium
878 538 1099 620 mysteriorum
1121 537 1286 607 oonsoium
1307 538 1427 623 produ·

291 644 391 709 simus
413 640 560 707 Peulum.
585 639 759 707 biterrim:
781 639 999 708 diuisionss
1017 641 1429 712 outemdoustiouum

288 750 399 826 suut,
422 746 524 811 idem
545 746 674 809 nutem
695 742 890 829 spiritus3
912 747 952 811 et
969 743 1198 813 diuisissee
1213 743 1428 815 ministrs·

291 851 447 916 tionum
469 852 578 926 sunt,
602 846 706 915 idem
727 850 858 917 nutem
887 846 1081 926 dominum
1118 850 1163 913 et
1194 846 1429 915 diuisiones

285 951 569 1035 operationum
594 950 706 1033 eunt,
737 950 843 1019 idem
871 969 961 1020 uero
987 950 1099 1029 deus,
1133 950 1201 1035 qui
1227 953 1460 1034 opereturs

223 1094 228 1102 ·
289 1057 419 1123 omniu
445 1053 702 1123 innmuibus.
746 1052 974 1125 sturmium
1001 1054 1192 1124 spinosum
1225 1052 1430 1123 dsuemiss

290 1178 346 1243 pro
367 1158 522 1241 qualitate
536 1175 575 1225 ss
590 1158 702 1225 merito
717 1156 978 1241 participantium
991 1160 1140 1242 spiritum
1153 1162 1303 1228 sonorus
1316 1158 1430 1225 doouit

287 1260 424 1345 operosi:
459 1280 531 1329 eum
564 1262 706 1343 ipserum
732 1260 908 1344 motuum
939 1259 1132 1333 drausius
1163 1261 1360 1346 pumoom
1396 1261 1429 1325 in

281 1364 412 1431 ultimis
433 1364 546 1432 intulit
568 1364 687 1431 disens:
710 1364 808 1431 bees
829 1368 963 1433 sutem
977 1365 1311 1447 omnisoperotur
1325 1382 1428 1429 unns

288 1472 414 1551 etque
446 1467 547 1534 idem
575 1466 766 1551 spiritus,
799 1465 982 1536 dissidens
1015 1468 1178 1550 proprie
1206 1466 1455 1549 uniquiquen

227 1570 406 1658 :dipsout
427 1571 526 1639 uult.
548 1568 640 1637 Unde
655 1569 762 1645 nullus
773 1567 996 1653 emtiquitstis
1016 1570 1205 1655 relinquitur
1227 1570 1330 1649 loeus,
1347 1568 1426 1651 quis

287 1675 408 1741 simsot
440 1676 587 1757 spiritum
619 1674 764 1742 mustum
791 1678 825 1739 et
852 1674 946 1743 doum
976 1690 1045 1742 esse
1072 1677 1105 1739 et
1136 1691 1212 1742 ruse
1243 1673 1425 1739 uoluntatis

279 1781 456 1857 :sermnem
479 1777 534 1860 qui
555 1777 669 1843 euseb
690 1774 814 1858 operari
832 1780 866 1841 et
886 1778 1059 1845 seeundum
1079 1777 1226 1859 proprios
1239 1775 1425 1841 unluststis

289 1882 454 1948 arbitrium
489 1880 614 1947 diuiuse
643 1879 886 1963 dispensetisnie
906 1878 990 1948 dous
1010 1880 1121 1964 lorqiri
1143 1879 1347 1964 opertiesr'me
1367 1879 1425 1943 do

283 1986 498 2067 'monstratum
530 1984 603 2065 quio
624 1981 680 2049 nbi
702 1983 882 2051 sobrinus
911 1982 1086 2067 mserum
1119 1982 1300 2054 distributis
1329 2001 1452 2064 pree-s

289 2087 419 2171 dinetus,
443 2102 504 2152 nou
518 2087 622 2167 potest
637 2084 738 2154 uideri
754 2084 895 2153 ooudioio
917 2085 1099 2156 seruitutis:
1121 2086 1157 2153 iu
1177 2089 1323 2154 ermturs
1336 2085 1424 2151 enim

288 2189 423 2255 seruitus
432 2187 654 2271 suteusqeuss
668 2190 725 2273 est,
745 2188 779 2257 in
794 2189 1027 2259 binitsteuem
1042 2190 1211 2261 dominstio
1225 2190 1422 2258 soliterius.

279 2291 329 2357 :Fi
350 2294 388 2358 ut
411 2292 512 2359 edbuo
533 2293 603 2359 lues
626 2291 740 2362 elesius
770 2294 862 2361 suine
895 2292 1073 2361 diuisitstie
1094 2311 1161 2365 osee
1182 2312 1254 2361 ousn
1275 2299 1369 2378 petro
1390 2301 1423 2360 et

286 2394 350 2461 filio
374 2396 520 2479 spiritum
542 2398 686 2463 sonetum
708 2395 884 2482 doossmss,
914 2396 1064 2465 Iohsuuis
1092 2398 1303 2481 euergebstss
1326 2400 1422 2465 testi·

286 2499 390 2564 mouio
423 2500 640 2582 conprobatur.
685 2497 742 2567 Ait
775 2514 926 2581 numquee
959 2502 1044 2565 tres
1075 2502 1174 2568 suut
1202 2501 1270 2583 qui
1301 2499 1453 2567 testi-so

285 2601 456 2667 monium
484 2600 698 2683 perbibent
724 2600 764 2669 iu
786 2601 910 2681 oseis,
938 2603 1067 2684 poter,
1097 2603 1258 2671 uerbum
1279 2608 1319 2670 et
1341 2602 1422 2688 spi·

286 2703 392 2771 ritus
425 2706 602 2791 sanetus,
637 2709 675 2771 et
701 2705 743 2773 hi
770 2709 855 2773 tres
883 2724 1001 2774 unum
1026 2707 1129 2773 suut
1173 2706 1336 2791 Numquid
1359 2707 1421 2773 sit:

287 2807 362 2873 ‘tres
383 2807 417 2873 in
438 2808 631 2875 differentius
657 2809 814 2892 queiitete
836 2809 974 2877 seiueti·
992 2814 1049 2876 eut
1067 2810 1261 2893 quibuslibet
1284 2810 1421 2877 diuersi·

234 2967 238 2977 .
286 2913 390 2977 tetius
412 2912 561 2995 grodibus
584 2912 678 2997 longo
700 2913 906 2997 superstionis
924 2911 1094 2981 intssunilo
1110 2912 1237 2983 diuisi?
1251 2913 1305 2979 eod
1320 2916 1419 2991 tres,

287 3012 397 3095 iuquit,
422 3032 536 3080 unum
558 3016 663 3080 suut.
1427 3041 1451 3082 s

390 3182 438 3239 2Ι
456 3182 514 3239 Cor.
534 3184 575 3249 12,
594 3182 672 3238 4-6.
771 3182 788 3237 9
806 3182 821 3238 1
839 3180 900 3237 Gor.
918 3182 960 3249 12,
980 3184 1021 3237 ll.
1118 3184 1154 3239 20
1171 3184 1186 3239 Ι
1202 3182 1260 3239 sos.
1278 3181 1304 3251 5,
1320 3184 1348 3237 i.

340 3322 355 3375 1
382 3321 558 3389 pnndsossisus
582 3322 598 3377 b
701 3320 718 3375 2
741 3324 833 3377 eutem
855 3337 906 3379 oss.
923 3320 973 3380 dis
1073 3320 1288 3379 deminutionem
1309 3322 1350 3378 W

286 3410 351 3463 suut
373 3406 548 3463 deustionem
570 3428 596 3475 ,φ
701 3408 783 3477 bet]
804 3423 819 3462 e
841 3408 880 3464 W
945 3459 948 3466 ,
979 3406 1213 3466 marmorosum
1229 3407 1340 3477 BpWo
1366 3409 1417 3463 sni·

286 3494 457 3549 uibtsrisrum
483 3495 511 3551 A
546 3494 735 3564 mprbsrisrnm
764 3496 781 3566 β
890 3496 908 3550 b
934 3494 1125 3553 mmm
1152 3511 1172 3549 o
1273 3493 1291 3548 9
1317 3493 1417 3549 intulit

286 3594 374 3635 orm
477 3580 626 3637 llississus
644 3580 880 3637 BV¹G¹nuliius
898 3581 955 3650 (id
1038 3578 1207 3649 smbiquitss
1224 3582 1253 3636 P
1337 3582 1415 3650 quiin

287 3664 387 3721 simut
405 3667 477 3721 etA
579 3666 614 3721 14
630 3665 775 3725 sinisset
811 3715 815 3722 .
878 3667 910 3721 17
929 3665 1172 3735 interimitis?
1265 3666 1414 3724 semiusto

286 3750 625 3820 intelltpsudeestseW
720 3752 900 3823 eolroBV¹
1001 3752 1146 3811 ldeuW
1239 3752 1415 3821 mosari-

277 3838 345 3893 sum
362 3837 406 3893 bri
491 3838 619 3895 iubenes
635 3839 702 3895 ΒΨ
787 3839 977 3897 ustiuonsrn
995 3839 1050 3897 PR
1144 3839 1180 3893 20
1197 3838 1326 3909 umque]
1342 3838 1414 3893 eninr

285 3922 334 3977 Me
377 3967 382 3976 .
427 3924 461 3981 21
479 3924 631 3993 perhibent]
649 3924 719 3983 dost
739 3926 778 3982 W
874 3925 995 3994 uerbum}
1011 3928 1041 3980 et
1052 3925 1162 3995 iliud
1255 3924 1290 3979 22
1307 3927 1414 3981 anon

286 4010 384 4065 om.A·
484 4010 663 4067 biiBVOob
696 4010 770 4067 iW
799 4010 871 4067 iiP
974 4012 1161 4082 nunquidoP
1262 4009 1414 4069 missis·

285 4094 415 4151 impubes
436 4095 568 4165 quelibete
586 4096 633 4153 orei
659 4095 825 4155 indifferenti
841 4097 1010 4166 ueqsolitste
1026 4098 1224 4167 BWHoIrdA
1258 4096 1413 4154 indiierssti

274 4184 327 4247 des
344 4180 403 4250 eyli.
421 4182 453 4237 iss
474 4182 501 4237 V
514 4184 595 4251 esus.)
613 4182 778 4252 eeqsslitste
799 4183 861 4242 VOs
919 4236 930 4243 ..
970 4185 1005 4239 24
1022 4184 1136 4254 longob
1195 4236 1219 4243 ,,
1239 4183 1411 4251 somnusue

286 4267 339 4323 Mo
441 4268 586 4338 sspirqsid
607 4269 659 4327 ὒν
701 4320 704 4327 .
