2992 4967
457 350 693 420 Epistularum
712 352 800 408 libor
816 355 855 410 IL
1174 359 1216 424 41

88 553 169 616 quae
187 535 276 602 broni
291 555 432 627 sermone
445 538 554 604 dolens
577 559 692 625 magna
706 544 859 617 contexui,
882 545 1008 627 ruptam
1023 545 1215 629 singultibus

87 639 346 704 contestationem
369 658 423 722 pro
446 641 513 707 stili
535 642 678 708 ubertate
701 644 847 730 dirigens,
871 646 946 710 dum
967 650 1055 714 muto
1077 649 1215 716 lamenta

87 741 271 824 conloquiis.
634 830 666 895 Π

63 967 77 1006 5
449 949 631 1006 ENNODIVS
656 951 857 1011 spumosas.

133 1049 300 1118 Silentium
323 1074 427 1120 meum
450 1056 536 1122 dolor
559 1057 665 1139 erigit,
687 1057 742 1139 qni
764 1077 872 1141 passus
899 1061 948 1123 est
969 1077 1115 1134 erescere,
1139 1062 1215 1126 dum

89 1153 128 1216 de
151 1155 293 1224 uindiota
314 1159 441 1240 eogitat,
465 1158 625 1242 dispendia
646 1161 795 1226 raritatis.
817 1161 891 1243 quid
914 1163 997 1228 enim
1019 1163 1088 1228 lieri
1101 1164 1215 1246 potuit,

89 1264 152 1328 nisi
175 1265 210 1330 ut
232 1262 362 1328 tuoeudo
384 1263 486 1328 uitem
508 1264 707 1328 restituerem
729 1263 852 1329 litterue
873 1264 1051 1348 deneganti,
1084 1269 1121 1330 ut
1142 1284 1216 1332 oon·

90 1374 229 1452 temptes
252 1367 334 1431 eirea
355 1383 414 1443 mo,
449 1365 503 1447 qni
525 1383 580 1446 per
603 1365 827 1432 abstinentiam
860 1367 1028 1432 uenerandi
1061 1370 1214 1436 sermonis

52 1496 80 1536 ro
89 1472 237 1548 innotuit,
261 1470 335 1534 dnm
351 1467 489 1534 snbduoo
505 1468 676 1551 oonloquia,
700 1471 767 1552 puri
782 1488 928 1536 murrone
942 1472 1111 1538 leniretur?
1127 1472 1214 1540 dious

89 1579 222 1642 forsitan
243 1571 417 1636 uindiotam
440 1570 598 1636 inimicam
621 1589 685 1635 esse
707 1571 874 1653 proposito.
908 1574 962 1638 sed
983 1576 1089 1640 omnia
1110 1581 1215 1644 errata

87 1681 134 1745 ita
157 1679 293 1759 oonputo
316 1675 405 1758 quusi
427 1674 505 1760 legis
520 1677 710 1759 obsequium,
735 1677 768 1742 in
783 1677 896 1760 quibus
911 1695 965 1744 uos
980 1698 1047 1744 esse
1062 1681 1214 1764 contingit

89 1785 242 1847 auotores.
286 1779 488 1861 quisquamne
519 1779 643 1860 oulpam
676 1783 766 1862 putet
798 1779 900 1846 fauere
933 1783 1015 1863 quod
1049 1783 1153 1849 ieoisti
1181 1788 1214 1850 et

87 1884 289 1967 pleotendnm
323 1881 435 1946 iudioio
459 1881 564 1946 diuino
595 1886 716 1948 censeat
750 1885 831 1964 quod
852 1901 872 1946 a
893 1884 925 1948 te
953 1887 1139 1964 prooessisse
1159 1905 1213 1952 oo-

53 2007 80 2048 m
87 1990 240 2072 gnoscat?
269 2003 364 2066 aequo
388 2002 458 2068 ergo
481 1987 584 2050 animo
606 1986 726 2051 sustine
755 1987 837 2068 quod
858 1986 990 2069 deliqui:
1024 1989 1154 2054 durnin
1177 2009 1215 2054 oa

89 2111 121 2156 re
143 2090 313 2174 prouendis,
345 2090 399 2155 lur
422 2091 575 2167 ecelesiae,
598 2091 667 2171 ipsa
689 2089 826 2155 uoluisti.
873 2109 930 2174 ogo
951 2107 1040 2156 seruo
1061 2094 1211 2171 animum,

88 2214 180 2279 quem
203 2193 342 2277 promisi,
364 2198 401 2259 nt
422 2195 455 2258 in
478 2195 641 2270 uniuersis,
670 2197 696 2258 si
717 2213 849 2274 mereor,
872 2197 1045 2262 aemulator
1067 2194 1209 2270 existam,

86 2299 175 2365 ouius
199 2298 245 2362 rei
267 2297 372 2374 fidem,
406 2298 482 2362 dum
503 2298 677 2362 tacentibus
707 2295 796 2361 uobis
817 2301 904 2361 moso
925 2298 957 2360 et
980 2299 1060 2379 quod
1081 2298 1212 2379 loquen-

86 2401 174 2467 tibus
197 2403 314 2484 loquor,
338 2399 484 2464 ostendit.
519 2397 558 2464 ad
580 2399 757 2480 scriptionis
779 2417 853 2483 ergo
875 2397 1023 2478 oflioium,
1046 2403 1212 2483 postquam

55 2506 190 2571 soiussus
205 2521 286 2580 sum,
302 2521 351 2568 me
367 2503 483 2585 reduxi,
500 2501 553 2583 qni
568 2503 717 2566 haetenus
733 2502 816 2566 intra
831 2503 1038 2567 uerecundum
1052 2505 1212 2586 penetrale

86 2627 166 2692 quae
189 2624 248 2672 non
274 2605 458 2672 amabantur
479 2605 574 2670 uerba
589 2605 736 2686 continui,
760 2605 855 2670 simili
870 2605 902 2668 in
918 2606 1038 2688 paginis
1053 2606 1211 2689 pariturus

85 2709 246 2794 obsequio.
290 2711 387 2792 saluo,
416 2709 460 2772 mi
494 2708 629 2786 domina,
659 2709 756 2773 bonae
777 2707 922 2790 splendor
943 2707 1009 2773 sine
1031 2709 1113 2773 nubo
1137 2728 1211 2774 oon-

85 2815 235 2881 soientiae
261 2817 291 2878 et
319 2815 356 2878 ad
386 2811 559 2894 exemplum
595 2815 720 2876 sanotae
754 2812 994 2876 oonuersationis
1028 2811 1061 2876 in
1082 2813 1211 2895 longum

86 2919 254 3001 produoere
270 2921 301 2980 et
317 2917 388 2996 mei,
405 2915 431 2978 si
447 2933 576 2996 mereor,
599 2915 778 2979 meminisse
794 2913 933 2998 dignare,
955 2914 1117 2996 epistulari
1133 2915 1210 2980 dans

53 3021 211 3085 uueniam
223 3018 382 3100 breuitati,
399 3037 491 3100 quam
506 3018 539 3081 iu
556 3019 723 3098 angustum
739 3015 857 3080 urtauit
872 3017 1029 3081 festinatio
1040 3018 1209 3099 portitoris.

617 3153 676 3218 III.

443 3273 627 3330 ENNODIVS
651 3271 852 3328 spsclossn.

128 3385 253 3466 Quanto
268 3382 484 3464 deprimuntur
498 3383 672 3462 peooatores
684 3397 811 3444 suornm
823 3377 906 3444 fasce
917 3377 1080 3455 fautorum,
1096 3377 1210 3460 quibus

86 3486 125 3551 ab
142 3485 241 3552 oeulis
261 3483 383 3548 tollitur
396 3481 540 3565 quioquid
556 3481 685 3546 offertur
700 3485 732 3546 et
746 3500 785 3546 ne
801 3483 834 3546 in
851 3480 1041 3545 obliuionem
1057 3479 1211 3546 desideria

138 3671 151 3724 l
177 3684 272 3722 manos
293 3667 401 3735 mutim
428 3667 476 3722 aed
491 3667 557 3732 sort.
576 3681 675 3734 magua
688 3681 743 3732 pro
761 3680 817 3718 rem
836 3680 961 3734 maguam
978 3665 1052 3720 dixit
1067 3671 1100 3721 ut
1118 3665 1210 3734 diuisi.

87 3755 132 3811 IV
147 3759 181 3809 16
198 3760 225 3807 et
243 3755 282 3806 27

136 3837 367 3894 11.iseeri1'.¹
474 3805 689 3894 stru...
797 3839 1001 3892 rasurus
1097 3839 1210 3895 saeuo

86 3929 151 3980 toris
170 3925 198 3978 B
301 3924 334 3978 14
351 3928 523 3993 eognoscatur
542 3925 588 3978 Pb
703 3924 735 3978 15
753 3939 784 3976 aa
800 3924 829 3977 in
846 3923 909 3977 rod
1017 3925 1050 3978 16
1067 3924 1126 3994 ogo]
1144 3940 1210 3993 orgo

86 4011 164 4067 L¹V¹
276 4009 311 4062 20
328 4009 424 4077 iussus]
442 4009 515 4063 uisus
533 4011 592 4065 P'b
611 4015 636 4064 et
654 4009 734 4064 dium.
850 4011 972 4063 suetonum
990 4009 1018 4063 D
1034 4007 1053 4063 ln
1071 4025 1141 4063 oraa

86 4097 119 4153 25
135 4098 165 4150 in
183 4109 233 4148 ons
252 4093 310 4148 LV
408 4099 552 4162 angustum
570 4096 610 4149 Βι

135 4181 189 4238 ΠΙ.
223 4181 259 4236 28
277 4180 465 4250 depromuntur
484 4182 511 4236 B
605 4181 913 4238 summissiores
1005 4180 1117 4236 tolletur
1132 4181 1210 4250 quid·

87 4267 150 4335 quid
167 4267 195 4321 Β
298 4266 413 4320 desideri
430 4266 590 4321 imittuntur
612 4267 646 4321 V¹
663 4272 695 4320 ut
713 4266 826 4321 uidetur
