<?xml version="1.0" encoding="UTF-8"?>
<!DOCTYPE html PUBLIC "-//W3C//DTD XHTML 1.0 Transitional//EN"
    "http://www.w3.org/TR/xhtml1/DTD/xhtml1-transitional.dtd">
<html xmlns="http://www.w3.org/1999/xhtml" xml:lang="en" lang="en">
 <head>
  <title>
</title>
<meta http-equiv="Content-Type" content="text/html;charset=utf-8" />
  <meta name='ocr-system' content='tesseract 3.04.00' />
  <meta name='ocr-capabilities' content='ocr_page ocr_carea ocr_par ocr_line ocrx_word'/>
</head>
<body>
  <div class='ocr_page' id='page_1' title='image "./corpusscriptoru10wissgoog/corpusscriptoru10wissgoog_0536.png"; bbox 0 0 2992 4967; ppageno 0'>
   <div class='ocr_carea' id='block_1_1' title="bbox 289 339 1056 415">
    <p class='ocr_par' dir='ltr' id='par_1_1' title="bbox 289 339 1056 415">
     <span class='ocr_line' id='line_1_1' title="bbox 289 339 1056 415; baseline -0.008 -15"><span class='ocrx_word' id='word_1_1' title='bbox 289 345 354 415; x_wconf 84' lang='lat'><strong>404</strong></span> <span class='ocrx_word' id='word_1_2' title='bbox 647 342 762 412; x_wconf 84' lang='lat' dir='ltr'><strong>Magni</strong></span> <span class='ocrx_word' id='word_1_3' title='bbox 778 340 910 397; x_wconf 73' lang='lat' dir='ltr'><strong>Pelidis</strong></span> <span class='ocrx_word' id='word_1_4' title='bbox 927 339 1056 395; x_wconf 81' lang='lat' dir='ltr'><strong>Eunodi</strong></span> 
     </span>
    </p>
   </div>
   <div class='ocr_carea' id='block_1_2' title="bbox 289 529 1416 927">
    <p class='ocr_par' dir='ltr' id='par_1_2' title="bbox 289 529 1416 927">
     <span class='ocr_line' id='line_1_2' title="bbox 289 529 1415 619; baseline -0.004 -18"><span class='ocrx_word' id='word_1_5' title='bbox 289 532 446 619; x_wconf 83' lang='lat' dir='ltr'>populosis</span> <span class='ocrx_word' id='word_1_6' title='bbox 474 534 632 599; x_wconf 72' lang='lat' dir='ltr'><strong>nutriatur</strong></span> <span class='ocrx_word' id='word_1_7' title='bbox 652 532 825 599; x_wconf 85' lang='lat' dir='ltr'><strong>erroribus.</strong></span> <span class='ocrx_word' id='word_1_8' title='bbox 863 533 961 617; x_wconf 84' lang='lat' dir='ltr'><strong>exigit</strong></span> <span class='ocrx_word' id='word_1_9' title='bbox 988 531 1074 604; x_wconf 86' lang='lat' dir='ltr'><strong>euim</strong></span> <span class='ocrx_word' id='word_1_10' title='bbox 1107 529 1270 599; x_wconf 84' lang='lat' dir='ltr'><strong>eomisati&#39;o</strong></span> <span class='ocrx_word' id='word_1_11' title='bbox 1303 547 1415 613; x_wconf 80' lang='lat' dir='ltr'><strong>magno</strong></span> 
     </span>
     <span class='ocr_line' id='line_1_3' title="bbox 289 631 1415 721; baseline -0.005 -18"><span class='ocrx_word' id='word_1_12' title='bbox 289 638 430 721; x_wconf 88' lang='lat' dir='ltr'><strong>quaesita</strong></span> <span class='ocrx_word' id='word_1_13' title='bbox 457 634 619 719; x_wconf 87' lang='lat' dir='ltr'><strong>dispendio</strong></span> <span class='ocrx_word' id='word_1_14' title='bbox 646 636 743 703; x_wconf 89' lang='lat' dir='ltr'><strong>etiam</strong></span> <span class='ocrx_word' id='word_1_15' title='bbox 772 635 925 713; x_wconf 85' lang='lat' dir='ltr'><strong>bonorum</strong></span> <span class='ocrx_word' id='word_1_16' title='bbox 956 634 1073 701; x_wconf 83' lang='lat' dir='ltr'><strong>danius</strong></span> <span class='ocrx_word' id='word_1_17' title='bbox 1094 631 1279 701; x_wconf 86' lang='lat' dir='ltr'><strong>meritorum</strong></span> <span class='ocrx_word' id='word_1_18' title='bbox 1292 635 1334 708; x_wconf 55' lang='lat' dir='ltr'><strong>„et</strong></span> <span class='ocrx_word' id='word_1_19' title='bbox 1356 650 1415 698; x_wconf 91' lang='lat' dir='ltr'><strong>uuo</strong></span> 
     </span>
     <span class='ocr_line' id='line_1_4' title="bbox 290 733 1416 808; baseline -0.007 -1"><span class='ocrx_word' id='word_1_20' title='bbox 290 739 370 807; x_wconf 89' lang='lat' dir='ltr'><strong>oalle</strong></span> <span class='ocrx_word' id='word_1_21' title='bbox 401 756 523 807; x_wconf 90' lang='lat' dir='ltr'><strong>morum</strong></span> <span class='ocrx_word' id='word_1_22' title='bbox 556 740 689 808; x_wconf 88' lang='lat' dir='ltr'><strong>ueniunt</strong></span> <span class='ocrx_word' id='word_1_23' title='bbox 722 739 911 805; x_wconf 86' lang='lat' dir='ltr'><strong>detrimenta</strong></span> <span class='ocrx_word' id='word_1_24' title='bbox 939 739 992 803; x_wconf 92' lang='lat' dir='ltr'><strong>uel</strong></span> <span class='ocrx_word' id='word_1_25' title='bbox 1020 756 1180 804; x_wconf 80' lang='lat' dir='ltr'><strong>sensuum.</strong></span> <span class='ocrx_word' id='word_1_26' title='bbox 1214 736 1293 802; x_wconf 82' lang='lat' dir='ltr'><strong>liaeo</strong></span> <span class='ocrx_word' id='word_1_27' title='bbox 1320 733 1349 800; x_wconf 87' lang='lat' dir='ltr'><strong>si</strong></span> <span class='ocrx_word' id='word_1_28' title='bbox 1377 733 1416 799; x_wconf 87' lang='lat' dir='ltr'><strong>ad</strong></span> 
     </span>
     <span class='ocr_line' id='line_1_5' title="bbox 289 836 1345 927; baseline -0.005 -18"><span class='ocrx_word' id='word_1_29' title='bbox 289 861 345 909; x_wconf 89' lang='lat' dir='ltr'><strong>uos</strong></span> <span class='ocrx_word' id='word_1_30' title='bbox 366 859 506 927; x_wconf 86' lang='lat' dir='ltr'><strong>gressum</strong></span> <span class='ocrx_word' id='word_1_31' title='bbox 527 841 731 924; x_wconf 68' lang='lat' dir='ltr'>protenderit,</span> <span class='ocrx_word' id='word_1_32' title='bbox 755 842 805 907; x_wconf 91' lang='lat' dir='ltr'><strong>liis</strong></span> <span class='ocrx_word' id='word_1_33' title='bbox 827 859 899 907; x_wconf 88' lang='lat' dir='ltr'><strong>eam</strong></span> <span class='ocrx_word' id='word_1_34' title='bbox 921 845 1029 907; x_wconf 87' lang='lat' dir='ltr'><strong>tonare</strong></span> <span class='ocrx_word' id='word_1_35' title='bbox 1050 843 1174 923; x_wconf 75' lang='lat' dir='ltr'><strong>oportet</strong></span> <span class='ocrx_word' id='word_1_36' title='bbox 1196 836 1345 924; x_wconf 80' lang='lat' dir='ltr'><strong>eloquiis:</strong></span> 
     </span>
    </p>
   </div>
   <div class='ocr_carea' id='block_1_3' title="bbox 762 992 1445 1050">
    <p class='ocr_par' dir='ltr' id='par_1_3' title="bbox 762 992 1445 1050">
     <span class='ocr_line' id='line_1_6' title="bbox 762 992 1445 1050; baseline -0.007 0"><span class='ocrx_word' id='word_1_37' title='bbox 762 992 940 1050; x_wconf 77' lang='lat' dir='ltr'>CAS&#39;HTAS.</span> <span class='ocrx_word' id='word_1_38' title='bbox 1433 1004 1445 1045; x_wconf 81' lang='lat' dir='ltr'><strong>s</strong></span> 
     </span>
    </p>
   </div>
   <div class='ocr_carea' id='block_1_4' title="bbox 287 1098 1482 2113">
    <p class='ocr_par' dir='ltr' id='par_1_4' title="bbox 373 1098 1202 1180">
     <span class='ocr_line' id='line_1_7' title="bbox 373 1098 1202 1180; baseline -0.004 -15"><span class='ocrx_word' id='word_1_39' title='bbox 373 1099 429 1165; x_wconf 84' lang='lat' dir='ltr'><strong>Nil</strong></span> <span class='ocrx_word' id='word_1_40' title='bbox 451 1117 553 1164; x_wconf 88' lang='lat' dir='ltr'><strong>moror</strong></span> <span class='ocrx_word' id='word_1_41' title='bbox 576 1098 714 1164; x_wconf 85' lang='lat' dir='ltr'><strong>adfliotos</strong></span> <span class='ocrx_word' id='word_1_42' title='bbox 737 1101 916 1166; x_wconf 82' lang='lat' dir='ltr'><strong>oonstauter</strong></span> <span class='ocrx_word' id='word_1_43' title='bbox 936 1100 1063 1180; x_wconf 88' lang='lat' dir='ltr'><strong>prodere</strong></span> <span class='ocrx_word' id='word_1_44' title='bbox 1083 1098 1202 1174; x_wconf 87' lang='lat' dir='ltr'><strong>uultus,</strong></span> 
     </span>
    </p>

    <p class='ocr_par' dir='ltr' id='par_1_5' title="bbox 374 1200 1255 1285">
     <span class='ocr_line' id='line_1_8' title="bbox 374 1200 1255 1285; baseline -0.007 -14"><span class='ocrx_word' id='word_1_45' title='bbox 374 1206 458 1271; x_wconf 87' lang='lat' dir='ltr'><strong>Dum</strong></span> <span class='ocrx_word' id='word_1_46' title='bbox 479 1201 558 1267; x_wconf 86' lang='lat' dir='ltr'><strong>milii</strong></span> <span class='ocrx_word' id='word_1_47' title='bbox 579 1203 776 1285; x_wconf 74' lang='lat' dir='ltr'><strong>praeniteant</strong></span> <span class='ocrx_word' id='word_1_48' title='bbox 799 1202 878 1268; x_wconf 84' lang='lat' dir='ltr'><strong>uasti</strong></span> <span class='ocrx_word' id='word_1_49' title='bbox 900 1205 1103 1283; x_wconf 71' lang='lat' dir='ltr'><strong>monumenta</strong></span> <span class='ocrx_word' id='word_1_50' title='bbox 1125 1200 1255 1266; x_wconf 89' lang='lat' dir='ltr'><strong>deeoiis.</strong></span> 
     </span>
    </p>

    <p class='ocr_par' dir='ltr' id='par_1_6' title="bbox 373 1306 1232 1392">
     <span class='ocr_line' id='line_1_9' title="bbox 373 1306 1232 1392; baseline -0.008 -17"><span class='ocrx_word' id='word_1_51' title='bbox 373 1306 507 1392; x_wconf 79' lang='lat' dir='ltr'><strong>Pinguia</strong></span> <span class='ocrx_word' id='word_1_52' title='bbox 527 1324 600 1371; x_wconf 89' lang='lat' dir='ltr'><strong>nam</strong></span> <span class='ocrx_word' id='word_1_53' title='bbox 623 1307 747 1372; x_wconf 88' lang='lat' dir='ltr'><strong>tenuem</strong></span> <span class='ocrx_word' id='word_1_54' title='bbox 762 1306 925 1371; x_wconf 80' lang='lat' dir='ltr'><strong>-snffooaut</strong></span> <span class='ocrx_word' id='word_1_55' title='bbox 948 1322 1074 1387; x_wconf 89' lang='lat' dir='ltr'><strong>eorpora</strong></span> <span class='ocrx_word' id='word_1_56' title='bbox 1095 1322 1232 1388; x_wconf 86' lang='lat' dir='ltr'><strong>sensum,</strong></span> 
     </span>
    </p>

    <p class='ocr_par' dir='ltr' id='par_1_7' title="bbox 372 1409 1218 1479">
     <span class='ocr_line' id='line_1_10' title="bbox 372 1409 1218 1479; baseline -0.008 0"><span class='ocrx_word' id='word_1_57' title='bbox 372 1412 413 1479; x_wconf 77' lang='lat' dir='ltr'><strong>Et</strong></span> <span class='ocrx_word' id='word_1_58' title='bbox 433 1409 515 1476; x_wconf 86' lang='lat' dir='ltr'><strong>mele</strong></span> <span class='ocrx_word' id='word_1_59' title='bbox 538 1409 620 1476; x_wconf 86' lang='lat' dir='ltr'><strong>furta</strong></span> <span class='ocrx_word' id='word_1_60' title='bbox 641 1426 712 1476; x_wconf 87' lang='lat' dir='ltr'><strong>suas</strong></span> <span class='ocrx_word' id='word_1_61' title='bbox 736 1409 923 1476; x_wconf 87' lang='lat' dir='ltr'><strong>eonoulount</strong></span> <span class='ocrx_word' id='word_1_62' title='bbox 945 1411 1064 1475; x_wconf 88' lang='lat' dir='ltr'><strong>uisoera</strong></span> <span class='ocrx_word' id='word_1_63' title='bbox 1085 1411 1218 1474; x_wconf 89' lang='lat' dir='ltr'><strong>mentes.</strong></span> 
     </span>
    </p>

    <p class='ocr_par' dir='ltr' id='par_1_8' title="bbox 372 1513 1482 1597">
     <span class='ocr_line' id='line_1_11' title="bbox 372 1513 1482 1597; baseline 0 -16"><span class='ocrx_word' id='word_1_64' title='bbox 372 1516 417 1581; x_wconf 82' lang='lat' dir='ltr'><strong>At</strong></span> <span class='ocrx_word' id='word_1_65' title='bbox 438 1513 518 1579; x_wconf 90' lang='lat' dir='ltr'><strong>mihi</strong></span> <span class='ocrx_word' id='word_1_66' title='bbox 540 1530 613 1579; x_wconf 78' lang='lat' dir='ltr'><strong>orni</strong></span> <span class='ocrx_word' id='word_1_67' title='bbox 635 1515 749 1597; x_wconf 78' lang='lat' dir='ltr'><strong>eripis,</strong></span> <span class='ocrx_word' id='word_1_68' title='bbox 773 1530 848 1578; x_wconf 79' lang='lat' dir='ltr'><strong>orni</strong></span> <span class='ocrx_word' id='word_1_69' title='bbox 870 1514 994 1578; x_wconf 80' lang='lat' dir='ltr'><strong>sautum</strong></span> <span class='ocrx_word' id='word_1_70' title='bbox 1017 1530 1152 1595; x_wconf 85' lang='lat' dir='ltr'><strong>ermque</strong></span> <span class='ocrx_word' id='word_1_71' title='bbox 1173 1513 1319 1579; x_wconf 75' lang='lat' dir='ltr'><strong>thoraost</strong></span> <span class='ocrx_word' id='word_1_72' title='bbox 1425 1540 1445 1581; x_wconf 81' lang='lat' dir='ltr'><strong>n</strong></span> <span class='ocrx_word' id='word_1_73' title='bbox 1481 1567 1482 1570; x_wconf 63' lang='lat'>,</span> 
     </span>
    </p>

    <p class='ocr_par' dir='ltr' id='par_1_9' title="bbox 373 1616 1277 1701">
     <span class='ocr_line' id='line_1_12' title="bbox 373 1616 1277 1701; baseline -0.006 -16"><span class='ocrx_word' id='word_1_74' title='bbox 373 1618 441 1684; x_wconf 83' lang='lat' dir='ltr'><strong>Hae</strong></span> <span class='ocrx_word' id='word_1_75' title='bbox 461 1619 561 1701; x_wconf 80' lang='lat' dir='ltr'><strong>tegar,</strong></span> <span class='ocrx_word' id='word_1_76' title='bbox 584 1618 644 1682; x_wconf 85' lang='lat' dir='ltr'><strong>hae</strong></span> <span class='ocrx_word' id='word_1_77' title='bbox 665 1616 786 1695; x_wconf 82' lang='lat' dir='ltr'><strong>feriam,</strong></span> <span class='ocrx_word' id='word_1_78' title='bbox 808 1618 869 1683; x_wconf 87' lang='lat' dir='ltr'><strong>liae</strong></span> <span class='ocrx_word' id='word_1_79' title='bbox 891 1619 978 1700; x_wconf 90' lang='lat' dir='ltr'><strong>paois</strong></span> <span class='ocrx_word' id='word_1_80' title='bbox 1000 1617 1125 1682; x_wconf 82' lang='lat' dir='ltr'><strong>foedera</strong></span> <span class='ocrx_word' id='word_1_81' title='bbox 1145 1616 1277 1681; x_wconf 82' lang='lat' dir='ltr'><strong>firmem</strong></span> 
     </span>
    </p>

    <p class='ocr_par' dir='ltr' id='par_1_10' title="bbox 287 1719 1482 1905">
     <span class='ocr_line' id='line_1_13' title="bbox 372 1719 1482 1803; baseline -0.003 -16"><span class='ocrx_word' id='word_1_82' title='bbox 372 1722 458 1787; x_wconf 85' lang='lat' dir='ltr'><strong>Haeo</strong></span> <span class='ocrx_word' id='word_1_83' title='bbox 479 1721 557 1786; x_wconf 90' lang='lat' dir='ltr'><strong>milii</strong></span> <span class='ocrx_word' id='word_1_84' title='bbox 579 1721 641 1785; x_wconf 85' lang='lat' dir='ltr'><strong>dux</strong></span> <span class='ocrx_word' id='word_1_85' title='bbox 664 1720 738 1787; x_wconf 88' lang='lat' dir='ltr'><strong>belli</strong></span> <span class='ocrx_word' id='word_1_86' title='bbox 760 1724 821 1799; x_wconf 87' lang='lat' dir='ltr'><strong>est,</strong></span> <span class='ocrx_word' id='word_1_87' title='bbox 843 1739 904 1803; x_wconf 88' lang='lat' dir='ltr'><strong>quo</strong></span> <span class='ocrx_word' id='word_1_88' title='bbox 928 1720 1042 1787; x_wconf 74' lang='lat' dir='ltr'><strong>niotdx</strong></span> <span class='ocrx_word' id='word_1_89' title='bbox 1063 1719 1187 1785; x_wconf 85' lang='lat' dir='ltr'><strong>lubrioa</strong></span> <span class='ocrx_word' id='word_1_90' title='bbox 1209 1719 1344 1799; x_wconf 74' lang='lat' dir='ltr'><strong>mlestus,</strong></span> <span class='ocrx_word' id='word_1_91' title='bbox 1481 1765 1482 1774; x_wconf 18' lang='grc' dir='ltr'><strong>κ</strong></span> 
     </span>
     <span class='ocr_line' id='line_1_14' title="bbox 287 1822 1139 1905; baseline 0 -17"><span class='ocrx_word' id='word_1_92' title='bbox 287 1880 294 1895; x_wconf 83' lang='grc'><strong>,</strong></span> <span class='ocrx_word' id='word_1_93' title='bbox 372 1823 449 1888; x_wconf 92' lang='lat' dir='ltr'><strong>Dira</strong></span> <span class='ocrx_word' id='word_1_94' title='bbox 470 1822 625 1905; x_wconf 80' lang='lat' dir='ltr'><strong>cupidinei</strong></span> <span class='ocrx_word' id='word_1_95' title='bbox 647 1825 782 1889; x_wconf 84' lang='lat' dir='ltr'><strong>detester</strong></span> <span class='ocrx_word' id='word_1_96' title='bbox 803 1824 901 1889; x_wconf 90' lang='lat' dir='ltr'><strong>mella</strong></span> <span class='ocrx_word' id='word_1_97' title='bbox 923 1825 1046 1888; x_wconf 87' lang='lat' dir='ltr'><strong>ueneni.</strong></span> <span class='ocrx_word' id='word_1_98' title='bbox 1134 1858 1139 1867; x_wconf 89' lang='lat'><strong>·</strong></span> 
     </span>
    </p>

    <p class='ocr_par' dir='ltr' id='par_1_11' title="bbox 372 1926 1107 2009">
     <span class='ocr_line' id='line_1_15' title="bbox 372 1926 1107 2009; baseline 0.003 -20"><span class='ocrx_word' id='word_1_99' title='bbox 372 1926 423 1992; x_wconf 78' lang='lat' dir='ltr'><strong>Ad</strong></span> <span class='ocrx_word' id='word_1_100' title='bbox 444 1944 494 1990; x_wconf 93' lang='lat' dir='ltr'><strong>me</strong></span> <span class='ocrx_word' id='word_1_101' title='bbox 516 1926 676 1991; x_wconf 84' lang='lat' dir='ltr'><strong>currentes</strong></span> <span class='ocrx_word' id='word_1_102' title='bbox 698 1945 830 2009; x_wconf 88' lang='lat' dir='ltr'><strong>puerum</strong></span> <span class='ocrx_word' id='word_1_103' title='bbox 853 1928 993 2009; x_wconf 81' lang='lat' dir='ltr'><strong>seponite</strong></span> <span class='ocrx_word' id='word_1_104' title='bbox 1015 1926 1107 1991; x_wconf 77' lang='lat' dir='ltr'><strong>uotis</strong></span> 
     </span>
    </p>

    <p class='ocr_par' dir='ltr' id='par_1_12' title="bbox 371 2028 1445 2113">
     <span class='ocr_line' id='line_1_16' title="bbox 371 2028 1445 2113; baseline 0.003 -21"><span class='ocrx_word' id='word_1_105' title='bbox 371 2028 480 2111; x_wconf 89' lang='lat' dir='ltr'><strong>Deque</strong></span> <span class='ocrx_word' id='word_1_106' title='bbox 501 2046 579 2107; x_wconf 84' lang='lat' dir='ltr'><strong>meo,</strong></span> <span class='ocrx_word' id='word_1_107' title='bbox 603 2028 741 2107; x_wconf 80' lang='lat' dir='ltr'><strong>iuuenes,</strong></span> <span class='ocrx_word' id='word_1_108' title='bbox 766 2047 877 2095; x_wconf 84' lang='lat' dir='ltr'><strong>cauam</strong></span> <span class='ocrx_word' id='word_1_109' title='bbox 899 2028 1090 2113; x_wconf 82' lang='lat' dir='ltr'><strong>praesumite</strong></span> <span class='ocrx_word' id='word_1_110' title='bbox 1112 2028 1222 2095; x_wconf 88' lang='lat' dir='ltr'><strong>uitam</strong></span> <span class='ocrx_word' id='word_1_111' title='bbox 1424 2054 1445 2095; x_wconf 84' lang='lat' dir='ltr'><strong>s</strong></span> 
     </span>
    </p>
   </div>
   <div class='ocr_carea' id='block_1_5' title="bbox 150 2146 1482 3366">
    <p class='ocr_par' dir='ltr' id='par_1_13' title="bbox 150 2146 1482 3366">
     <span class='ocr_line' id='line_1_17' title="bbox 328 2146 1417 2232; baseline -0.001 -17"><span class='ocrx_word' id='word_1_112' title='bbox 328 2150 419 2217; x_wconf 85' lang='lat' dir='ltr'><strong>Hane</strong></span> <span class='ocrx_word' id='word_1_113' title='bbox 434 2146 635 2222; x_wconf 84' lang='lat' dir='ltr'><strong>admittentes</strong></span> <span class='ocrx_word' id='word_1_114' title='bbox 650 2148 740 2215; x_wconf 79' lang='lat' dir='ltr'><strong>sirei</strong></span> <span class='ocrx_word' id='word_1_115' title='bbox 755 2153 863 2215; x_wconf 89' lang='lat' dir='ltr'><strong>ornate</strong></span> <span class='ocrx_word' id='word_1_116' title='bbox 881 2149 1046 2227; x_wconf 83' lang='lat' dir='ltr'><strong>oonsortio‚</strong></span> <span class='ocrx_word' id='word_1_117' title='bbox 1062 2150 1145 2232; x_wconf 79' lang='lat' dir='ltr'><strong>quia,</strong></span> <span class='ocrx_word' id='word_1_118' title='bbox 1160 2148 1244 2215; x_wconf 84' lang='lat' dir='ltr'><strong>sieut</strong></span> <span class='ocrx_word' id='word_1_119' title='bbox 1258 2148 1294 2213; x_wconf 92' lang='lat' dir='ltr'><strong>iu</strong></span> <span class='ocrx_word' id='word_1_120' title='bbox 1308 2166 1417 2214; x_wconf 88' lang='lat' dir='ltr'><strong>einen·</strong></span> 
     </span>
     <span class='ocr_line' id='line_1_18' title="bbox 287 2249 1482 2337; baseline -0.001 -20"><span class='ocrx_word' id='word_1_121' title='bbox 287 2250 370 2317; x_wconf 88' lang='lat' dir='ltr'><strong>datis</strong></span> <span class='ocrx_word' id='word_1_122' title='bbox 402 2251 541 2317; x_wconf 90' lang='lat' dir='ltr'><strong>moribus</strong></span> <span class='ocrx_word' id='word_1_123' title='bbox 579 2252 752 2337; x_wconf 88' lang='lat' dir='ltr'><strong>prinoipem</strong></span> <span class='ocrx_word' id='word_1_124' title='bbox 788 2253 892 2322; x_wconf 91' lang='lat' dir='ltr'><strong>looum</strong></span> <span class='ocrx_word' id='word_1_125' title='bbox 925 2253 1065 2335; x_wconf 80' lang='lat' dir='ltr'><strong>obtinet,</strong></span> <span class='ocrx_word' id='word_1_126' title='bbox 1102 2252 1148 2317; x_wconf 88' lang='lat' dir='ltr'><strong>ita</strong></span> <span class='ocrx_word' id='word_1_127' title='bbox 1182 2252 1246 2317; x_wconf 89' lang='lat' dir='ltr'><strong>suis</strong></span> <span class='ocrx_word' id='word_1_128' title='bbox 1263 2251 1418 2335; x_wconf 73' lang='lat' dir='ltr'><strong>spoliata</strong></span> <span class='ocrx_word' id='word_1_129' title='bbox 1481 2249 1482 2298; x_wconf 68' lang='lat' dir='ltr'><strong>l</strong></span> 
     </span>
     <span class='ocr_line' id='line_1_19' title="bbox 288 2354 1482 2440; baseline 0.002 -21"><span class='ocrx_word' id='word_1_130' title='bbox 288 2355 413 2421; x_wconf 87' lang='lat' dir='ltr'><strong>dotibus</strong></span> <span class='ocrx_word' id='word_1_131' title='bbox 435 2372 494 2421; x_wconf 95' lang='lat' dir='ltr'><strong>non</strong></span> <span class='ocrx_word' id='word_1_132' title='bbox 516 2358 652 2440; x_wconf 64' lang='lat' dir='ltr'><strong>uretur,</strong></span> <span class='ocrx_word' id='word_1_133' title='bbox 676 2372 734 2423; x_wconf 86' lang='lat' dir='ltr'><strong>neo</strong></span> <span class='ocrx_word' id='word_1_134' title='bbox 755 2356 805 2423; x_wconf 85' lang='lat' dir='ltr'><strong>ias</strong></span> <span class='ocrx_word' id='word_1_135' title='bbox 828 2360 874 2422; x_wconf 89' lang='lat' dir='ltr'><strong>est</strong></span> <span class='ocrx_word' id='word_1_136' title='bbox 889 2357 979 2439; x_wconf 81' lang='lat' dir='ltr'><strong>quusi</strong></span> <span class='ocrx_word' id='word_1_137' title='bbox 995 2356 1156 2439; x_wconf 79' lang='lat' dir='ltr'><strong>singulare</strong></span> <span class='ocrx_word' id='word_1_138' title='bbox 1170 2356 1318 2439; x_wconf 87' lang='lat' dir='ltr'><strong>oooupari</strong></span> <span class='ocrx_word' id='word_1_139' title='bbox 1331 2354 1416 2439; x_wconf 85' lang='lat' dir='ltr'><strong>quod</strong></span> <span class='ocrx_word' id='word_1_140' title='bbox 1481 2385 1482 2390; x_wconf 40' lang='lat'>1</span> 
     </span>
     <span class='ocr_line' id='line_1_20' title="bbox 288 2458 1416 2543; baseline 0.002 -21"><span class='ocrx_word' id='word_1_141' title='bbox 288 2458 411 2523; x_wconf 83' lang='lat' dir='ltr'><strong>oonstut</strong></span> <span class='ocrx_word' id='word_1_142' title='bbox 434 2458 642 2541; x_wconf 84' lang='lat' dir='ltr'><strong>expluribus.</strong></span> <span class='ocrx_word' id='word_1_143' title='bbox 675 2460 791 2526; x_wconf 85' lang='lat' dir='ltr'><strong>nobilia</strong></span> <span class='ocrx_word' id='word_1_144' title='bbox 813 2462 898 2526; x_wconf 86' lang='lat' dir='ltr'><strong>serta</strong></span> <span class='ocrx_word' id='word_1_145' title='bbox 920 2459 982 2525; x_wconf 88' lang='lat' dir='ltr'><strong>uisi</strong></span> <span class='ocrx_word' id='word_1_146' title='bbox 1001 2458 1230 2542; x_wconf 81' lang='lat' dir='ltr'><strong>multiplicibus</strong></span> <span class='ocrx_word' id='word_1_147' title='bbox 1251 2460 1416 2543; x_wconf 83' lang='lat' dir='ltr'><strong>pratorum</strong></span> 
     </span>
     <span class='ocr_line' id='line_1_21' title="bbox 150 2561 1445 2647; baseline -0.001 -21"><span class='ocrx_word' id='word_1_148' title='bbox 150 2610 156 2619; x_wconf 86' lang='lat'><em>.</em></span> <span class='ocrx_word' id='word_1_149' title='bbox 286 2580 346 2627; x_wconf 95' lang='lat' dir='ltr'><strong>nou</strong></span> <span class='ocrx_word' id='word_1_150' title='bbox 381 2567 595 2645; x_wconf 89' lang='lat' dir='ltr'><strong>oouponuntur</strong></span> <span class='ocrx_word' id='word_1_151' title='bbox 627 2563 753 2647; x_wconf 87' lang='lat' dir='ltr'><strong>spoliis:</strong></span> <span class='ocrx_word' id='word_1_152' title='bbox 787 2583 824 2628; x_wconf 87' lang='lat' dir='ltr'><strong>ex</strong></span> <span class='ocrx_word' id='word_1_153' title='bbox 852 2563 950 2629; x_wconf 84' lang='lat' dir='ltr'><strong>uariis</strong></span> <span class='ocrx_word' id='word_1_154' title='bbox 979 2561 1113 2647; x_wconf 88' lang='lat' dir='ltr'><strong>gemmis</strong></span> <span class='ocrx_word' id='word_1_155' title='bbox 1141 2580 1204 2629; x_wconf 85' lang='lat' dir='ltr'><strong>nna</strong></span> <span class='ocrx_word' id='word_1_156' title='bbox 1230 2561 1445 2628; x_wconf 77' lang='lat' dir='ltr'><strong>diadematiss</strong></span> 
     </span>
     <span class='ocr_line' id='line_1_22' title="bbox 285 2665 1415 2749; baseline 0 -20"><span class='ocrx_word' id='word_1_157' title='bbox 285 2666 364 2729; x_wconf 85' lang='lat' dir='ltr'><strong>solet</strong></span> <span class='ocrx_word' id='word_1_158' title='bbox 399 2668 539 2731; x_wconf 85' lang='lat' dir='ltr'><strong>constare</strong></span> <span class='ocrx_word' id='word_1_159' title='bbox 576 2666 738 2731; x_wconf 88' lang='lat' dir='ltr'><strong>formatio:</strong></span> <span class='ocrx_word' id='word_1_160' title='bbox 777 2684 898 2749; x_wconf 87' lang='lat' dir='ltr'><strong>semper</strong></span> <span class='ocrx_word' id='word_1_161' title='bbox 935 2665 1129 2731; x_wconf 83' lang='lat' dir='ltr'><strong>admirabilis</strong></span> <span class='ocrx_word' id='word_1_162' title='bbox 1161 2665 1268 2732; x_wconf 89' lang='lat' dir='ltr'><strong>eleotri</strong></span> <span class='ocrx_word' id='word_1_163' title='bbox 1302 2681 1415 2748; x_wconf 85' lang='lat' dir='ltr'><strong>eorpus</strong></span> 
     </span>
     <span class='ocr_line' id='line_1_23' title="bbox 285 2767 1417 2852; baseline 0.001 -20"><span class='ocrx_word' id='word_1_164' title='bbox 285 2785 450 2834; x_wconf 87' lang='lat' dir='ltr'><strong>numerosa</strong></span> <span class='ocrx_word' id='word_1_165' title='bbox 471 2768 672 2835; x_wconf 91' lang='lat' dir='ltr'><strong>metallorum</strong></span> <span class='ocrx_word' id='word_1_166' title='bbox 693 2768 836 2835; x_wconf 87' lang='lat' dir='ltr'><strong>membre</strong></span> <span class='ocrx_word' id='word_1_167' title='bbox 856 2769 1055 2852; x_wconf 87' lang='lat' dir='ltr'><strong>pepererunt.</strong></span> <span class='ocrx_word' id='word_1_168' title='bbox 1085 2769 1224 2851; x_wconf 89' lang='lat' dir='ltr'><strong>proinde,</strong></span> <span class='ocrx_word' id='word_1_169' title='bbox 1245 2769 1321 2851; x_wconf 88' lang='lat' dir='ltr'><strong>quia</strong></span> <span class='ocrx_word' id='word_1_170' title='bbox 1333 2767 1417 2833; x_wconf 89' lang='lat' dir='ltr'><strong>nihil</strong></span> 
     </span>
     <span class='ocr_line' id='line_1_24' title="bbox 286 2869 1415 2955; baseline 0.003 -22"><span class='ocrx_word' id='word_1_171' title='bbox 286 2872 334 2933; x_wconf 88' lang='lat' dir='ltr'><strong>est</strong></span> <span class='ocrx_word' id='word_1_172' title='bbox 361 2869 442 2951; x_wconf 92' lang='lat' dir='ltr'><strong>quod</strong></span> <span class='ocrx_word' id='word_1_173' title='bbox 475 2870 567 2935; x_wconf 86' lang='lat' dir='ltr'><strong>iidem</strong></span> <span class='ocrx_word' id='word_1_174' title='bbox 597 2870 695 2953; x_wconf 88' lang='lat' dir='ltr'><strong>possit</strong></span> <span class='ocrx_word' id='word_1_175' title='bbox 720 2872 856 2948; x_wconf 87' lang='lat' dir='ltr'><strong>anteire,</strong></span> <span class='ocrx_word' id='word_1_176' title='bbox 886 2870 1030 2938; x_wconf 82' lang='lat' dir='ltr'><strong>foueatur</strong></span> <span class='ocrx_word' id='word_1_177' title='bbox 1052 2874 1084 2935; x_wconf 93' lang='lat' dir='ltr'><strong>et</strong></span> <span class='ocrx_word' id='word_1_178' title='bbox 1105 2872 1153 2937; x_wconf 86' lang='lat' dir='ltr'><strong>ita</strong></span> <span class='ocrx_word' id='word_1_179' title='bbox 1173 2871 1207 2935; x_wconf 93' lang='lat' dir='ltr'><strong>iu</strong></span> <span class='ocrx_word' id='word_1_180' title='bbox 1230 2870 1415 2955; x_wconf 87' lang='lat' dir='ltr'><strong>diligentiae</strong></span> 
     </span>
     <span class='ocr_line' id='line_1_25' title="bbox 285 2973 1415 3057; baseline 0.004 -22"><span class='ocrx_word' id='word_1_181' title='bbox 285 2988 385 3035; x_wconf 89' lang='lat' dir='ltr'><strong>messe</strong></span> <span class='ocrx_word' id='word_1_182' title='bbox 408 2974 568 3051; x_wconf 87' lang='lat' dir='ltr'><strong>ooalesoat,</strong></span> <span class='ocrx_word' id='word_1_183' title='bbox 594 2992 632 3037; x_wconf 90' lang='lat' dir='ltr'><strong>ne</strong></span> <span class='ocrx_word' id='word_1_184' title='bbox 655 2974 774 3039; x_wconf 72' lang='lat' dir='ltr'><strong>lacteus</strong></span> <span class='ocrx_word' id='word_1_185' title='bbox 797 2974 942 3040; x_wconf 87' lang='lat' dir='ltr'><strong>alimenti</strong></span> <span class='ocrx_word' id='word_1_186' title='bbox 967 2973 1076 3039; x_wconf 90' lang='lat' dir='ltr'><strong>diuitis</strong></span> <span class='ocrx_word' id='word_1_187' title='bbox 1098 2975 1221 3040; x_wconf 89' lang='lat' dir='ltr'><strong>oulmus</strong></span> <span class='ocrx_word' id='word_1_188' title='bbox 1240 2974 1415 3057; x_wconf 86' lang='lat' dir='ltr'><strong>inportuna</strong></span> 
     </span>
     <span class='ocr_line' id='line_1_26' title="bbox 286 3073 1444 3161; baseline 0.001 -23"><span class='ocrx_word' id='word_1_189' title='bbox 286 3073 445 3140; x_wconf 89' lang='lat' dir='ltr'><strong>demessus</strong></span> <span class='ocrx_word' id='word_1_190' title='bbox 477 3075 558 3141; x_wconf 83' lang='lat' dir='ltr'><strong>falae</strong></span> <span class='ocrx_word' id='word_1_191' title='bbox 592 3077 751 3143; x_wconf 86' lang='lat' dir='ltr'><strong>moriatur.</strong></span> <span class='ocrx_word' id='word_1_192' title='bbox 788 3096 861 3161; x_wconf 88' lang='lat' dir='ltr'><strong>ergo</strong></span> <span class='ocrx_word' id='word_1_193' title='bbox 895 3078 1020 3144; x_wconf 84' lang='lat' dir='ltr'><strong>reoedat</strong></span> <span class='ocrx_word' id='word_1_194' title='bbox 1054 3080 1093 3144; x_wconf 85' lang='lat' dir='ltr'><strong>ab</strong></span> <span class='ocrx_word' id='word_1_195' title='bbox 1126 3078 1272 3143; x_wconf 89' lang='lat' dir='ltr'><strong>instituto</strong></span> <span class='ocrx_word' id='word_1_196' title='bbox 1306 3080 1444 3143; x_wconf 81' lang='lat' dir='ltr'><strong>uestros</strong></span> 
     </span>
     <span class='ocr_line' id='line_1_27' title="bbox 286 3176 1417 3263; baseline 0.004 -22"><span class='ocrx_word' id='word_1_197' title='bbox 286 3176 398 3242; x_wconf 85' lang='lat' dir='ltr'><strong>clauda</strong></span> <span class='ocrx_word' id='word_1_198' title='bbox 424 3178 612 3261; x_wconf 89' lang='lat' dir='ltr'><strong>pollioitatio</strong></span> <span class='ocrx_word' id='word_1_199' title='bbox 641 3183 672 3245; x_wconf 92' lang='lat' dir='ltr'><strong>et</strong></span> <span class='ocrx_word' id='word_1_200' title='bbox 701 3200 756 3263; x_wconf 88' lang='lat' dir='ltr'><strong>per</strong></span> <span class='ocrx_word' id='word_1_201' title='bbox 783 3199 875 3246; x_wconf 87' lang='lat' dir='ltr'><strong>usum</strong></span> <span class='ocrx_word' id='word_1_202' title='bbox 905 3180 938 3245; x_wconf 92' lang='lat' dir='ltr'><strong>iu</strong></span> <span class='ocrx_word' id='word_1_203' title='bbox 966 3183 1112 3247; x_wconf 82' lang='lat' dir='ltr'><strong>naturam</strong></span> <span class='ocrx_word' id='word_1_204' title='bbox 1132 3181 1273 3247; x_wconf 88' lang='lat' dir='ltr'><strong>transeut</strong></span> <span class='ocrx_word' id='word_1_205' title='bbox 1292 3199 1344 3247; x_wconf 89' lang='lat' dir='ltr'><strong>res</strong></span> <span class='ocrx_word' id='word_1_206' title='bbox 1365 3198 1417 3245; x_wconf 86' lang='lat' dir='ltr'><strong>se-</strong></span> 
     </span>
     <span class='ocr_line' id='line_1_28' title="bbox 219 3271 1329 3366; baseline 0.003 -21"><span class='ocrx_word' id='word_1_207' title='bbox 219 3271 224 3302; x_wconf 64' lang='lat'><em>*</em></span> <span class='ocrx_word' id='word_1_208' title='bbox 285 3282 414 3363; x_wconf 79' lang='lat' dir='ltr'><strong>quenda</strong></span> <span class='ocrx_word' id='word_1_209' title='bbox 449 3280 524 3347; x_wconf 85' lang='lat' dir='ltr'><strong>haee</strong></span> <span class='ocrx_word' id='word_1_210' title='bbox 547 3282 653 3349; x_wconf 81' lang='lat' dir='ltr'><strong>temen</strong></span> <span class='ocrx_word' id='word_1_211' title='bbox 676 3283 725 3349; x_wconf 91' lang='lat' dir='ltr'><strong>his</strong></span> <span class='ocrx_word' id='word_1_212' title='bbox 748 3301 804 3350; x_wconf 88' lang='lat' dir='ltr'><strong>uos</strong></span> <span class='ocrx_word' id='word_1_213' title='bbox 828 3283 996 3349; x_wconf 80' lang='lat' dir='ltr'><strong>conuenire</strong></span> <span class='ocrx_word' id='word_1_214' title='bbox 1017 3286 1145 3366; x_wconf 87' lang='lat' dir='ltr'><strong>putetur</strong></span> <span class='ocrx_word' id='word_1_215' title='bbox 1165 3282 1329 3349; x_wconf 80' lang='lat' dir='ltr'><strong>affatibus:</strong></span> 
     </span>
    </p>
   </div>
   <div class='ocr_carea' id='block_1_6' title="bbox 284 3469 1482 3675">
    <p class='ocr_par' dir='ltr' id='par_1_14' title="bbox 284 3469 1482 3675">
     <span class='ocr_line' id='line_1_29' title="bbox 337 3469 1482 3589; baseline 0.003 -32"><span class='ocrx_word' id='word_1_216' title='bbox 337 3503 576 3589; x_wconf 71' lang='lat' dir='ltr'><strong>lpopnlosisliiB</strong></span> <span class='ocrx_word' id='word_1_217' title='bbox 665 3469 740 3572; x_wconf 67' lang='lat' dir='ltr'><strong>ex&#39;git</strong></span> <span class='ocrx_word' id='word_1_218' title='bbox 756 3503 787 3570; x_wconf 86' lang='lat' dir='ltr'><strong>V,</strong></span> <span class='ocrx_word' id='word_1_219' title='bbox 805 3503 954 3574; x_wconf 84' lang='lat' dir='ltr'><strong>exigetB-</strong></span> <span class='ocrx_word' id='word_1_220' title='bbox 1021 3505 1178 3560; x_wconf 67' lang='lat' dir='ltr'><strong>commeatio</strong></span> <span class='ocrx_word' id='word_1_221' title='bbox 1191 3504 1251 3568; x_wconf 80' lang='grc' dir='ltr'><strong>Μ’,</strong></span> <span class='ocrx_word' id='word_1_222' title='bbox 1268 3506 1413 3561; x_wconf 81' lang='lat' dir='ltr'><strong>eomesatio</strong></span> <span class='ocrx_word' id='word_1_223' title='bbox 1481 3487 1482 3490; x_wconf 21' lang='lat'>¹</span> 
     </span>
     <span class='ocr_line' id='line_1_30' title="bbox 284 3604 1482 3675; baseline 0.002 -15"><span class='ocrx_word' id='word_1_224' title='bbox 284 3604 344 3660; x_wconf 89' lang='lat' dir='ltr'><strong>PV</strong></span> <span class='ocrx_word' id='word_1_225' title='bbox 430 3605 702 3675; x_wconf 68' lang='lat' dir='ltr'><strong>idampnuPLTV</strong></span> <span class='ocrx_word' id='word_1_226' title='bbox 792 3607 1245 3664; x_wconf 64' lang='lat' dir='ltr'><strong>tenuas-ineuntem</strong></span> <span class='ocrx_word' id='word_1_227' title='bbox 1338 3608 1414 3662; x_wconf 79' lang='lat' dir='ltr'><strong>liud·</strong></span> <span class='ocrx_word' id='word_1_228' title='bbox 1481 3605 1482 3614; x_wconf 74' lang='grc'>’</span> 
     </span>
    </p>
   </div>
   <div class='ocr_carea' id='block_1_7' title="bbox 283 3700 1413 4140">
    <p class='ocr_par' dir='ltr' id='par_1_15' title="bbox 283 3700 1413 4140">
     <span class='ocr_line' id='line_1_31' title="bbox 283 3700 1413 3785; baseline 0.002 -6"><span class='ocrx_word' id='word_1_229' title='bbox 283 3725 372 3780; x_wconf 73' lang='lat' dir='ltr'><strong>siens</strong></span> <span class='ocrx_word' id='word_1_230' title='bbox 389 3726 417 3780; x_wconf 82' lang='lat' dir='ltr'><strong>n</strong></span> <span class='ocrx_word' id='word_1_231' title='bbox 502 3700 645 3781; x_wconf 69' lang='lat' dir='ltr'><strong>sennim</strong></span> <span class='ocrx_word' id='word_1_232' title='bbox 662 3728 690 3782; x_wconf 81' lang='lat' dir='ltr'><strong>n</strong></span> <span class='ocrx_word' id='word_1_233' title='bbox 775 3729 884 3783; x_wconf 67' lang='lat' dir='ltr'><strong>osseo</strong></span> <span class='ocrx_word' id='word_1_234' title='bbox 901 3728 948 3783; x_wconf 76' lang='lat' dir='ltr'><strong>Po</strong></span> <span class='ocrx_word' id='word_1_235' title='bbox 1034 3730 1195 3784; x_wconf 70' lang='lat' dir='ltr'><strong>eneruem</strong></span> <span class='ocrx_word' id='word_1_236' title='bbox 1212 3730 1239 3784; x_wconf 82' lang='lat' dir='ltr'><strong>n</strong></span> <span class='ocrx_word' id='word_1_237' title='bbox 1327 3728 1361 3785; x_wconf 80' lang='grc' dir='ltr'><strong>ιο</strong></span> <span class='ocrx_word' id='word_1_238' title='bbox 1378 3726 1413 3781; x_wconf 70' lang='lat' dir='ltr'><strong>ie</strong></span> 
     </span>
     <span class='ocr_line' id='line_1_32' title="bbox 283 3811 1413 3885; baseline 0.002 -20"><span class='ocrx_word' id='word_1_239' title='bbox 283 3811 312 3865; x_wconf 87' lang='grc' dir='ltr'><strong><em>Β</em></strong></span> <span class='ocrx_word' id='word_1_240' title='bbox 396 3815 487 3867; x_wconf 76' lang='lat' dir='ltr'><strong>toraca</strong></span> <span class='ocrx_word' id='word_1_241' title='bbox 498 3812 616 3877; x_wconf 83' lang='lat' dir='ltr'><strong><em>BLPV,</em></strong></span> <span class='ocrx_word' id='word_1_242' title='bbox 634 3813 758 3870; x_wconf 83' lang='lat' dir='ltr'><strong>coronat</strong></span> <span class='ocrx_word' id='word_1_243' title='bbox 771 3817 896 3885; x_wconf 75' lang='lat' dir='ltr'><strong>(propter</strong></span> <span class='ocrx_word' id='word_1_244' title='bbox 906 3815 1086 3871; x_wconf 68' lang='lat' dir='ltr'><strong>thoracam</strong></span> <span class='ocrx_word' id='word_1_245' title='bbox 1096 3818 1193 3884; x_wconf 77' lang='lat' dir='ltr'><strong>eausa)</strong></span> <span class='ocrx_word' id='word_1_246' title='bbox 1255 3868 1259 3873; x_wconf 82' lang='grc'>,</span> <span class='ocrx_word' id='word_1_247' title='bbox 1280 3818 1314 3871; x_wconf 91' lang='grc'><strong>11</strong></span> <span class='ocrx_word' id='word_1_248' title='bbox 1331 3814 1413 3869; x_wconf 78' lang='lat' dir='ltr'><strong>feriar</strong></span> 
     </span>
     <span class='ocr_line' id='line_1_33' title="bbox 283 3897 1413 3971; baseline 0 -18"><span class='ocrx_word' id='word_1_249' title='bbox 283 3899 355 3953; x_wconf 72' lang='lat' dir='ltr'><strong>coni.</strong></span> <span class='ocrx_word' id='word_1_250' title='bbox 372 3897 498 3955; x_wconf 74' lang='lat' dir='ltr'><strong>Sotottsee</strong></span> <span class='ocrx_word' id='word_1_251' title='bbox 597 3900 629 3954; x_wconf 85' lang='lat'><strong>13</strong></span> <span class='ocrx_word' id='word_1_252' title='bbox 646 3900 765 3955; x_wconf 84' lang='lat' dir='ltr'><strong>detestor</strong></span> <span class='ocrx_word' id='word_1_253' title='bbox 781 3901 830 3956; x_wconf 81' lang='lat' dir='ltr'><strong>Lt</strong></span> <span class='ocrx_word' id='word_1_254' title='bbox 929 3902 962 3957; x_wconf 79' lang='lat'><strong>17</strong></span> <span class='ocrx_word' id='word_1_255' title='bbox 980 3902 1107 3957; x_wconf 87' lang='lat' dir='ltr'><strong>obtinent</strong></span> <span class='ocrx_word' id='word_1_256' title='bbox 1124 3902 1261 3967; x_wconf 81' lang='lat' dir='ltr'><em>LPTVb,</em></span> <span class='ocrx_word' id='word_1_257' title='bbox 1290 3901 1413 3971; x_wconf 86' lang='lat' dir='ltr'><strong>optinent</strong></span> 
     </span>
     <span class='ocr_line' id='line_1_34' title="bbox 283 3982 1346 4056; baseline 0.005 -20"><span class='ocrx_word' id='word_1_258' title='bbox 283 3982 318 4047; x_wconf 85' lang='lat' dir='ltr'><strong>B,</strong></span> <span class='ocrx_word' id='word_1_259' title='bbox 337 3998 385 4039; x_wconf 80' lang='lat' dir='ltr'><strong>em.</strong></span> <span class='ocrx_word' id='word_1_260' title='bbox 399 3982 481 4041; x_wconf 74' lang='lat' dir='ltr'><strong>Siron.</strong></span> <span class='ocrx_word' id='word_1_261' title='bbox 573 3984 606 4039; x_wconf 89' lang='grc'><strong>18</strong></span> <span class='ocrx_word' id='word_1_262' title='bbox 618 3986 782 4041; x_wconf 75' lang='lat' dir='ltr'><strong>tenenturi&#39;</strong></span> <span class='ocrx_word' id='word_1_263' title='bbox 864 4003 992 4056; x_wconf 86' lang='lat' dir='ltr'><strong>ooeupare</strong></span> <span class='ocrx_word' id='word_1_264' title='bbox 1008 3987 1044 4042; x_wconf 87' lang='lat' dir='ltr'><strong>V¹</strong></span> <span class='ocrx_word' id='word_1_265' title='bbox 1139 3988 1174 4041; x_wconf 91' lang='grc'><strong>22</strong></span> <span class='ocrx_word' id='word_1_266' title='bbox 1192 3985 1346 4042; x_wconf 81' lang='lat' dir='ltr'><strong>menbruT</strong></span> 
     </span>
     <span class='ocr_line' id='line_1_35' title="bbox 283 4066 1410 4140; baseline 0.004 -18"><span class='ocrx_word' id='word_1_267' title='bbox 283 4066 500 4139; x_wconf 74' lang='lat' dir='ltr'><strong>23diligeuteL&#39;</strong></span> <span class='ocrx_word' id='word_1_268' title='bbox 594 4072 628 4126; x_wconf 82' lang='lat'><strong>24</strong></span> <span class='ocrx_word' id='word_1_269' title='bbox 641 4072 817 4140; x_wconf 82' lang='lat' dir='ltr'><strong>ooalisoatB,</strong></span> <span class='ocrx_word' id='word_1_270' title='bbox 839 4072 954 4128; x_wconf 66' lang='lat' dir='ltr'><strong>etloum</strong></span> <span class='ocrx_word' id='word_1_271' title='bbox 970 4074 996 4127; x_wconf 84' lang='grc' dir='ltr'><em>Τ</em></span> <span class='ocrx_word' id='word_1_272' title='bbox 1088 4073 1263 4128; x_wconf 89' lang='lat' dir='ltr'><strong>elimentisB</strong></span> <span class='ocrx_word' id='word_1_273' title='bbox 1356 4070 1410 4127; x_wconf 85' lang='lat' dir='ltr'><strong>oul-</strong></span> 
     </span>
    </p>
   </div>
   <div class='ocr_carea' id='block_1_8' title="bbox 282 4146 1341 4315">
    <p class='ocr_par' dir='ltr' id='par_1_16' title="bbox 282 4146 1341 4315">
     <span class='ocr_line' id='line_1_36' title="bbox 282 4146 1341 4315; baseline 0.009 -93"><span class='ocrx_word' id='word_1_274' title='bbox 282 4171 431 4315; x_wconf 52' lang='lat' dir='ltr'><strong>etmifflr</strong></span> <span class='ocrx_word' id='word_1_275' title='bbox 505 4146 711 4231; x_wconf 71' lang='lat' dir='ltr'><strong>as&#39;orniurn</strong></span> <span class='ocrx_word' id='word_1_276' title='bbox 796 4175 942 4231; x_wconf 71' lang='lat' dir='ltr'><strong>insum</strong></span> <span class='ocrx_word' id='word_1_277' title='bbox 1037 4177 1341 4250; x_wconf 68' lang='lat' dir='ltr'><strong>aspepeeiem.</strong></span> 
     </span>
     <span class='ocr_line' id='line_1_37' title="bbox 353 4274 384 4313; baseline 0 0"><span class='ocrx_word' id='word_1_278' title='bbox 353 4274 384 4313; x_wconf 67' lang='grc' dir='ltr'>Μ</span> 
     </span>
    </p>
   </div>
   <div class='ocr_carea' id='block_1_9' title="bbox 0 0 1500 4967">
    <p class='ocr_par' dir='ltr' id='par_1_17' title="bbox 0 0 1500 4967">
     <span class='ocr_line' id='line_1_38' title="bbox 0 0 1500 4967; baseline 0 2"><span class='ocrx_word' id='word_1_279' title='bbox 0 0 1500 4967; x_wconf 95' lang='lat' dir='ltr'><strong> </strong></span> 
     </span>
    </p>
   </div>
  </div>
 </body>
</html>
