2992 4967
443 343 681 414 Epistularum
706 343 795 400 liber
813 341 850 398 ΙΙ.
1165 347 1209 412 55

80 555 193 620 grex:
229 534 460 618 conplacuit
482 535 589 620 patri
611 537 752 602 uestro
774 536 869 602 dare
890 536 1007 602 uobis
1037 554 1205 622 reguum.

81 640 172 706 uenit
206 641 288 706 inter
320 656 377 704 uos
399 639 522 722 gladius
556 637 761 724 perfidorum,
794 638 849 722 qui
876 637 1032 704 marcidae
1060 638 1207 705 ecelesiae

80 741 228 808 membra
250 743 404 808 resanaret
432 742 465 806 et
497 741 536 807 ad
559 741 726 808 caelestem
755 739 887 825 gloriam
914 758 992 806 sana
1017 742 1206 824 perduceret.

81 863 161 927 quos
178 843 292 910 babeat
308 843 451 910 cbristus
467 844 583 910 milites
599 847 756 910 certamen
772 842 922 909 ostendit:
944 844 997 926 qui
1012 843 1209 927 triumphum

57 953 265 1014 amereantur
286 965 342 1030 per
363 946 449 1013 bella
471 948 673 1032 cognoscitur.
704 944 802 1013 nolite
823 949 978 1030 metuere,
1002 950 1081 1030 quod
1102 947 1208 1029 ponti-

81 1049 187 1116 fiealis
210 1068 228 1115 a
250 1049 339 1116 nobis
360 1049 456 1134 apicis
471 1049 587 1115 infulas
603 1049 807 1116 abstulerunt.
830 1047 990 1115 nobiseum
1006 1053 1053 1114 est
1067 1052 1208 1115 sacerdos

81 1153 139 1217 ille
160 1155 212 1218 uel
233 1153 345 1230 hostia,
370 1154 498 1236 quinon
521 1156 585 1218 tam
608 1152 776 1218 honoribus
793 1151 953 1217 eonsueuit
967 1154 1100 1236 gaudm
1115 1171 1208 1236 quam

82 1255 253 1322 mentibus.
278 1255 398 1322 maiora
426 1257 500 1321 eunt
528 1253 726 1322 confessionis
754 1256 894 1338 praemia
916 1273 1009 1338 quam
1030 1257 1208 1322 nominatae

81 1377 216 1424 munera
239 1357 414 1442 dignitatis.
454 1359 494 1423 ad
526 1357 583 1423 illa
610 1357 793 1441 plerumque
822 1357 919 1423 etiam
947 1357 1074 1424 minoris
1101 1357 1209 1424 meriti

46 1481 234 1546 roperoonae
257 1464 346 1528 fauor
369 1463 522 1528 humanus
538 1463 678 1529 adducit:
701 1463 762 1528 iata
785 1461 846 1527 nisi
866 1463 972 1548 gratia
993 1481 1125 1546 superna
1145 1481 1207 1528 non

83 1567 208 1632 tribuit.
248 1569 313 1648 ipse
338 1567 419 1631 enim
442 1567 474 1630 in
496 1565 586 1632 uobis
609 1569 640 1629 et
662 1564 817 1650 pugnauit
839 1565 871 1628 et
892 1564 987 1640 uiuit,
1015 1583 1107 1648 quem
1131 1564 1207 1630 fides

85 1673 228 1736 meretur
251 1671 283 1734 et
304 1671 388 1735 inter
408 1669 569 1734 hominum
592 1669 748 1734 tormenta
770 1667 889 1733 sociari.
926 1666 1054 1750 prolixis
1076 1685 1137 1733 non
1161 1669 1209 1731 est

83 1790 163 1858 opus
187 1771 341 1838 feruorem
363 1773 397 1836 in
420 1771 508 1837 uobis
533 1770 696 1836 caelestem
720 1771 857 1836 animare
880 1771 1063 1853 conloquiis.
1111 1769 1208 1835 babet

81 1877 280 1942 incrementa
301 1894 357 1940 sua
374 1875 500 1940 diuinae
522 1873 651 1940 uirtutis
673 1873 861 1939 inoendinm.
906 1893 963 1939 nee
984 1891 1061 1958 opus
1084 1875 1132 1939 est
1155 1892 1206 1939 eos

49 2003 73 2043 1⁵
81 1983 115 2045 in
149 1983 273 2062 tropaeo
302 1977 364 2044 iam
394 1979 509 2061 positos
538 1977 647 2043 adtolli
675 1976 837 2055 laudibus,
876 1977 929 2059 qui
957 1976 1025 2042 sine
1054 1977 1207 2041 monitore

82 2082 252 2148 uicerunt·
283 2083 394 2166 manat
428 2081 646 2146 conscientiam
680 2078 850 2145 Christiani
884 2078 1029 2162 quiequid
1061 2079 1208 2146 adierunt

83 2185 302 2250 blandimenta
323 2183 487 2267 praeeonii.
510 2201 559 2248 ras
582 2183 708 2265 quidam
730 2181 860 2248 uirtutis
883 2184 938 2257 est,
962 2200 1056 2265 quam
1076 2182 1207 2264 issimis,

84 2289 140 2354 sed
162 2289 277 2353 summi
299 2286 429 2371 praemii
444 2286 642 2352 restitutione
657 2287 838 2368 superanda.
868 2287 949 2367 qnod
964 2287 1070 2349 tamen
1085 2284 1209 2348 directis

83 2392 123 2456 ad
151 2389 253 2457 lilium
275 2391 417 2455 nostrum
440 2389 606 2455 dmoonum
628 2388 744 2454 litteris
766 2388 927 2472 sperastis,
951 2387 1109 2452 beatorum
1125 2405 1209 2451 mar·

50 2515 74 2556 ao
84 2499 190 2579 tyrum
212 2493 324 2559 Nazari
341 2497 371 2558 et
387 2491 518 2557 Romani
533 2490 778 2557 benedictionem
795 2493 965 2574 poeeentee,
990 2490 1132 2556 fidelibus
1147 2507 1207 2555 non

83 2614 245 2682 negamus.
283 2595 416 2679 aooipite
438 2592 614 2660 ueneranda
641 2591 814 2676 patrocinia
840 2593 1031 2659 indictorum
1059 2592 1206 2667 militnm,

83 2702 158 2786 quia
169 2704 201 2764 et
211 2701 346 2766 uesbam
361 2699 424 2763 iam
440 2697 532 2763 fldem
547 2697 580 2761 in
594 2697 721 2781 proeliis
734 2695 902 2779 imperator
912 2697 1059 2780 agnouit:
1076 2695 1209 2760 ielieiter

83 2800 285 2869 confessionis
308 2819 435 2867 munera
458 2800 679 2866 consummate.
718 2797 806 2863 dabit
827 2799 918 2876 deus,
947 2817 1020 2863 oum
1050 2798 1110 2882 ipsi
1138 2798 1207 2881 pla·

84 2904 195 2984 euenit,
218 2906 362 2970 reducem
384 2903 523 2970 eoelestis
547 2901 693 2987 quietem,
715 2905 752 2966 ut
773 2920 954 2983 maerorem,
978 2918 1070 2984 quem
1084 2901 1209 2966 induxit

52 3009 271 3088 asednereitae,
294 3010 380 3090 pacis
404 3005 568 3073 duloedine
591 3004 774 3070 consoletur.

137 3194 335 3262 lgrexexrex
353 3192 380 3246 L
474 3188 943 3260 poetcdplaouitroe.10-121s'tt.
962 3189 988 3243 L
1090 3190 1208 3245 binem-

83 3282 133 3334 bra
160 3277 266 3332 eoolmie
296 3281 321 3332 T
344 3279 375 3332 iu
401 3291 455 3332 roo.
482 3277 555 3330 Μ
658 3273 767 3330 eolealae
792 3274 820 3329 B
933 3277 952 3330 4
977 3273 1048 3345 quod
1076 3276 1114 3343 P,
1143 3280 1208 3346 quot

85 3365 166 3421 utrm,
280 3365 296 3419 5
318 3363 483 3433 pontilloalee
502 3364 530 3418 B
641 3365 658 3418 6
678 3365 765 3433 apieea
784 3363 811 3416 B
914 3359 1013 3416 infolaa
1031 3361 1058 3414 B
1161 3363 1210 3460 ⁸¹23

83 3466 220 3520 stulerunt
239 3481 263 3520 u.
281 3468 323 3519 eet
344 3467 416 3522 Tio
433 3481 488 3520 ros.
507 3467 574 3520 Μ
676 3463 758 3520 aad
777 3464 805 3531 (b
823 3465 903 3530 erae.)
922 3463 949 3518 L
1053 3463 1083 3517 11
1102 3479 1209 3532 pugna·

83 3551 110 3604 L
128 3557 145 3604 d
165 3567 235 3606 eros.
342 3549 374 3606 13
392 3568 454 3622 opos
473 3552 510 3606 L¹
533 3558 564 3606 ot
582 3551 695 3607 uideor
799 3551 831 3605 15
849 3553 940 3619 tropeo
959 3549 999 3615 B,
1026 3548 1137 3618 tropheo
1156 3547 1211 3603 LP

86 3671 142 3725 nv
241 3671 345 3728 aeorm
364 3672 390 3725 n
473 3644 512 3726 ”ar
528 3672 555 3725 n
659 3672 691 3726 re
709 3670 840 3742 quidquid
857 3669 929 3724 are
1033 3668 1066 3723 rs
1079 3675 1143 3738 poe
1159 3685 1208 3723 no-

82 3761 171 3811 strum
182 3758 304 3825 apetiam
316 3761 386 3812 8-9
399 3759 451 3814 litt.
464 3775 586 3813 meatem
596 3759 627 3812 tn
646 3757 673 3821 V,
694 3755 743 3810 .H.
761 3755 825 3810 add.
839 3755 901 3820 Pb,·
926 3769 1026 3808 noram
1037 3753 1210 3810 &inradiare

81 3858 140 3897 ooo
161 3841 274 3897 uidetur
377 3842 438 3897 diat
465 3842 520 3898 BL
622 3841 656 3895 20
682 3842 786 3896 usarii
810 3842 846 3907 Τ,
872 3840 978 3908 maarai
1002 3839 1018 3894 b
1119 3839 1154 3893 22
1181 3843 1209 3895 et

83 3927 147 3996 qnia
160 3925 243 3982 Sim.
335 3927 398 3998 iam]
411 3927 482 3997 piam
496 3925 561 3986 odd.
574 3926 618 3982 ed.
635 3925 730 3982 Orabb.
817 3925 975 3992 imperator·
993 3923 1019 3976 T
1106 3923 1140 3978 23
1151 3940 1209 3978 mn-

82 4029 147 4068 nera
158 4014 190 4068 in
202 4014 294 4071 munia
306 4029 377 4070 eorr.
394 4014 494 4070 Tm
594 4013 776 4080 eonsummate
795 4010 825 4076 V,
843 4013 998 4065 oonsumate
1011 4009 1069 4076 PT,
1087 4026 1210 4065 eonsum-

83 4114 153 4152 mare
166 4097 208 4154 ed.
222 4099 326 4156 Lobbei
423 4099 534 4156 roumT
630 4097 664 4152 24
682 4097 804 4151 reduetin
817 4113 851 4150 ex
863 4097 984 4151 reducere
997 4097 1065 4152 Tm.
1077 4099 1106 4160 2,
1132 4095 1209 4151 redu·
1225 4165 1228 4173 ,

84 4200 137 4238 uara
155 4183 197 4238 ed.
216 4183 323 4242 Lobbeo'
409 4185 510 4239 eclesiis
529 4185 556 4240 B
644 4201 773 4240 merorem
792 4182 929 4248 BPTVb,
954 4197 1096 4236 memorem
1115 4181 1142 4238 L

84 4269 180 4325 indixit
199 4271 246 4326 Pb
349 4271 382 4325 25
401 4270 551 4325 consuletur
569 4271 598 4326 Β
