2992 4967
257 341 302 404 46
617 333 730 402 Magni
748 331 875 386 Felicis
894 330 1024 386 Ennodi

261 527 378 594 tionem
414 542 517 602 arcae,
557 520 798 588 circumcisionis
830 521 986 586 secretum
1019 523 1051 584 et
1084 538 1161 602 qnae
1192 519 1388 602 propheticis

262 629 418 712 mysteriis
450 627 662 692 includuntur.
701 625 764 690 iste
785 642 863 708 qnae
884 625 958 689 sunt
991 622 1196 689 saccularium
1224 623 1390 688 schemata

261 732 454 814 respuantur,
489 729 613 794 caducis
642 727 764 792 intenta
792 725 1050 809 persuasionibus,
1085 723 1165 790 telae
1187 725 1304 790 similia
1325 725 1390 791 Pe·

261 835 396 918 nelopac.

788 931 859 997 Vll.
1414 960 1430 999 s

633 1049 817 1106 LNNODIVS
843 1049 1008 1106 FIRMINO.

305 1162 417 1244 Exiget
440 1160 513 1226 licet
535 1176 621 1224 emor
643 1156 723 1239 quod
745 1173 808 1222 nou
828 1156 932 1238 potest
951 1155 1084 1237 implero
1106 1155 1256 1237 perfectio
1278 1160 1312 1222 ct
1335 1157 1390 1222 in·

260 1266 364 1348 petrot
385 1263 509 1341 caritas,
542 1265 578 1328 nt
599 1281 652 1344 por
674 1261 814 1345 loquelae
844 1259 1006 1326 audaciam
1028 1277 1106 1342 qnae
1128 1277 1238 1326 ornere
1261 1261 1391 1343 poteret

261 1371 369 1452 pereat
391 1383 459 1450 spes
481 1366 613 1442 tacendi,
636 1367 771 1430 menime
794 1383 865 1432 oum
880 1364 922 1430 sit
937 1364 1066 1442 dicendi,
1088 1364 1126 1428 ut
1139 1363 1262 1429 Tullius
1277 1364 1389 1439 refero,

261 1471 322 1536 nisi
355 1489 426 1536 cum
458 1467 629 1535 necessarie
660 1467 754 1534 nimis
781 1467 890 1548 inepte
920 1465 1076 1532 condicio:
1113 1468 1166 1534 sod
1199 1466 1282 1532 inter
1314 1485 1428 1532 nar-ro

261 1573 416 1639 rationum
439 1575 507 1638 uias
530 1574 563 1637 et
584 1572 697 1636 itinera
730 1571 897 1653 aperienda
923 1569 1002 1636 falce
1025 1569 1182 1636 doctrinae
1209 1571 1311 1634 teneri
1334 1589 1388 1635 ne-

260 1676 343 1742 scius
365 1676 481 1740 uirium
507 1674 756 1740 consideratione
783 1675 892 1758 regnet
914 1674 1066 1738 adlectus.
1111 1673 1298 1757 inperatoris
1320 1674 1388 1740 loco

260 1779 437 1846 dominatur
469 1777 565 1843 semel
593 1776 805 1862 penetralibus
838 1776 938 1842 cordis
971 1775 1065 1842 infixa
1086 1775 1221 1856 dilectio,
1255 1778 1388 1842 credens

260 1881 343 1966 quod
365 1900 426 1946 non
449 1883 485 1946 de
519 1881 683 1945 uerborum
717 1881 852 1961 pondere
880 1880 931 1944 nel
953 1898 1066 1963 pompe
1099 1881 1238 1964 capiatur
1270 1882 1325 1964 qui
1349 1882 1388 1946 da

260 1985 398 2050 absentis
431 1981 596 2068 propinqui
630 1984 677 2048 est
704 1983 806 2048 salute
838 1981 990 2048 sollicitus
1024 2002 1080 2047 neo
1113 1983 1271 2049 existimat
1304 1987 1425 2068 quoda

264 2087 350 2154 nesci
372 2087 470 2172 possit
493 2085 608 2152 offensa
630 2086 667 2150 de
689 2088 802 2169 gretia,
825 2087 881 2151 hoc
895 2086 934 2150 ad
948 2086 1104 2152 laetitiam
1126 2088 1203 2153 satis
1221 2105 1284 2152 esso
1311 2106 1388 2153 oon·

263 2189 372 2270 iciens,
401 2190 426 2254 si
450 2193 589 2273 optatam
618 2190 742 2254 nuntiet
765 2191 899 2272 epistula
920 2190 1111 2272 sospitatem.
1145 2190 1199 2256 scd
1221 2209 1287 2268 uos,
1311 2209 1389 2274 quos

262 2293 342 2358 libre
365 2294 492 2376 peritiae
516 2294 547 2357 in
571 2291 685 2375 eloquii
705 2291 793 2357 lance
808 2293 958 2374 pensanit,
981 2294 1091 2370 quibus
1107 2292 1234 2358 ubertas
1249 2295 1386 2380 linguae,

262 2397 434 2480 castigatus
456 2414 566 2474 sermo,
600 2395 734 2462 Latiaris
766 2397 888 2473 ductus,
922 2397 1074 2479 quadrata
1096 2399 1220 2463 constat
1241 2397 1386 2477 elocutio,

263 2500 414 2584 quaeritis
431 2500 578 2564 nimirum
594 2497 626 2562 in
643 2499 713 2564 eliis
729 2502 809 2582 quod
825 2499 981 2578 exercetis,
997 2499 1147 2583 qnaeritis
1163 2501 1244 2583 qnod
1259 2503 1385 2566 amatis.
1395 2523 1421 2562 eo

261 2621 316 2667 nos
338 2604 377 2669 ab
399 2603 551 2669 scolarum
580 2602 751 2686 gymnasiis
778 2603 975 2685 sequestrati,
1009 2604 1124 2668 arentis
1146 2605 1261 2688 ingenii
1283 2605 1387 2688 guttis

263 2703 414 2786 quaedam
437 2707 543 2771 oceani
564 2704 682 2771 fluenta
703 2722 914 2788 prouocemus,
938 2707 1024 2788 qnasi
1045 2706 1168 2789 lychnis
1185 2708 1294 2773 contre
1308 2708 1383 2773 solis

260 2807 361 2872 radios
383 2809 560 2892 pugnaturi.
585 2811 647 2874 mei
669 2810 784 2874 macies
805 2810 896 2890 longo
917 2827 951 2874 se
971 2814 1127 2876 monstrat
1148 2810 1244 2876 studii
1267 2813 1299 2877 et
1322 2812 1383 2876 nisi

260 2914 424 2977 excusetur
456 2913 572 2995 pietate
605 2912 783 2994 garrulitas,
818 2911 1015 2992 dispendium
1043 2913 1160 2995 proprii
1186 2914 1312 2997 pudoris
1336 2917 1383 2980 est

362 3066 379 3119 9
403 3065 491 3121 Cicero
508 3063 541 3118 dc
558 3066 625 3119 oret.
645 3063 718 3130 124,
737 3063 789 3117 112

315 3203 327 3256 1
351 3204 444 3258 archae
462 3205 502 3270 B,
530 3203 610 3259 arche
631 3204 656 3259 Τ
755 3205 893 3275 prolaticis
916 3207 1000 3261 BLV
1099 3208 1116 3259 2
1138 3205 1269 3261 misteriis
1294 3207 1321 3261 Τ

261 3293 394 3345 acoemeto
411 3291 452 3357 B,
482 3291 599 3344 scemate
620 3290 645 3345 Τ
744 3291 887 3346 3inte1te
910 3291 975 3358 fort
1078 3293 1236 3361 poenelopec
1253 3291 1295 3356 L,
1324 3305 1382 3360 poe

260 3375 388 3446 neelopae
408 3377 440 3441 V,
466 3375 591 3446 penelope
608 3377 667 3442 ΡΤ,
685 3378 857 3447 poneelopeei
876 3377 904 3432 Β

313 3496 375 3552 VII.
410 3496 575 3565 Bloqnellee
593 3497 621 3550 Β
715 3470 747 3567 ⁸q⁸;
766 3498 794 3553 L
894 3499 927 3552 10
944 3497 1063 3552 conditio
1082 3497 1136 3552 ΒΤ
1232 3499 1264 3551 11
1282 3496 1383 3552 itenere

260 3601 288 3655 Β
371 3598 494 3654 etteneri
512 3601 546 3665 P,
564 3583 668 3685 etonem}
685 3601 713 3654 B
817 3603 850 3656 13
867 3600 1039 3656 dominentur
1057 3601 1098 3666 L,
1121 3599 1270 3656 dominator
1287 3601 1317 3656 Β

261 3701 470 3771 penetrabilibus
488 3701 586 3771 LV(?)
690 3703 833 3759 delectatio
860 3705 887 3758 Τ
985 3704 1018 3757 15
1039 3703 1176 3758 sollicitus
1197 3703 1285 3757 nlntc
1305 3705 1331 3760 Τ
1350 3704 1382 3759 a

263 3801 315 3843 ros.
334 3789 407 3842 m.2
500 3788 724 3858 exitimetunesoi
743 3789 772 3843 Β
789 3805 837 3843 nee
853 3793 953 3845 iares.
1048 3804 1124 3858 posse
1141 3787 1270 3844 eliensem
1288 3791 1316 3844 B

261 3873 294 3926 16
320 3872 435 3926 leticiam
461 3891 482 3927 s.
510 3889 530 3927 a
558 3875 677 3930 contines
703 3876 726 3928 si
753 3875 787 3929 ob
816 3877 842 3930 Τ
866 3877 897 3930 irc
923 3891 977 3930 roe.
1004 3893 1038 3929 m.
1061 3877 1081 3928 2
1190 3875 1222 3928 1‘1
1248 3873 1320 3943 qnod
1347 3875 1380 3942 L,

260 3991 311 4030 om.
339 3975 355 4028 o
468 3978 500 4030 rs
526 3978 650 4045 puseus
676 3977 787 4046 scripsi,
817 3961 947 4063 penante·
974 3977 1007 4047 V,
1036 3978 1161 4048 planu
1187 3979 1315 4034 acero

263 4081 295 4134 19
313 4095 398 4134 sermo
420 4081 445 4135 V
459 4082 491 4136 ia
509 4097 564 4136 rae.
583 4088 646 4137 oui
748 4083 865 4138 elocutio
886 4083 912 4138 Τ
1009 4084 1044 4138 21
1061 4083 1202 4151 gimneeiie
1219 4083 1282 4148 LV,
1308 4098 1379 4153 gem·

260 4165 345 4220 nesiis
361 4165 397 4230 B,
419 4167 552 4235 ginneeiis
569 4169 624 4223 ΡΤ
707 4167 794 4238 gottis
812 4167 840 4222 Β
932 4169 965 4222 22
983 4168 1093 4224 ochceni
1110 4168 1146 4234 B,
1168 4169 1272 4224 occeani
1293 4171 1320 4224 Τ

260 4255 350 4323 imis
368 4253 459 4320 BLV,
486 4252 570 4323 lignis
587 4256 657 4310 ΡΤὸ
759 4257 794 4310 23
810 4255 903 4312 radius
919 4256 947 4310 B
1048 4257 1083 4312 24
1099 4256 1205 4326 podoris
1224 4257 1263 4313 Βι
