2992 4967
451 334 683 405 Epistularum
706 334 794 389 liber
812 335 873 391 VII.

625 526 695 593 VII.

384 658 757 720 undeuicensimam
775 662 942 722 outone.

143 768 286 833 Perfecta
306 768 419 833 caritas
442 768 608 850 corporalis
631 768 790 834 absentiae
806 768 921 833 damna
940 786 1002 833 nen
1023 768 1144 850 patitur
1164 788 1225 835 nec

98 874 276 936 animorum
298 888 405 935 serena
419 870 595 935 oemunctio
614 869 763 935 itinerum
785 871 1029 953 sequestratione
1048 872 1222 939 mulcatur:

74 989 232 1055 equorum
255 975 376 1039 animae
391 972 512 1055 Christo
535 976 567 1037 in
590 974 754 1037 natitatem
771 973 908 1039 sedante
930 974 1121 1041 conueniunt
1134 974 1223 1043 nulla

96 1076 231 1157 possunt
240 1077 378 1157 separari
388 1076 601 1141 interiectione
612 1079 774 1141 terramm.
788 1076 846 1143 lac
858 1094 914 1160 ego
925 1095 978 1159 sps
990 1074 1042 1143 nel
1052 1076 1222 1150 sonoritate

97 1180 139 1245 de
162 1178 353 1244 conscientia
371 1181 480 1245 nemra
494 1196 618 1244 securus
632 1180 791 1245 ananiam
812 1179 876 1245 mei
890 1180 1038 1261 adloquor
1059 1181 1221 1264 tamquam

97 1283 133 1345 in
146 1282 339 1363 amplexibus
351 1283 566 1349 constitutum.
582 1282 665 1357 fone,
677 1285 790 1349 domne
800 1282 937 1365 Helpidi‚
948 1283 1109 1365 quemdae
1119 1283 1222 1349 medie

98 1384 272 1467 suscepisti.
289 1383 402 1450 habeat
416 1402 488 1449 snas
501 1387 635 1451 mundns
656 1386 789 1451 astutias
812 1389 844 1451 et
861 1386 1076 1453 urbanitatem·
1091 1384 1223 1454 lassendi

60 1488 296 1571 reprndentiam
319 1487 523 1563 damnandus¹
537 1487 688 1571 appellet:
722 1492 760 1553 tu
787 1488 835 1554 illi
856 1487 1013 1554 dulcedini
1033 1507 1128 1571 quam
1149 1506 1221 1569 pro·

99 1592 172 1657 bani
194 1590 274 1654 nihil
294 1590 477 1669 admisceas,
500 1591 559 1656 nisi
575 1592 656 1673 quod
677 1591 828 1673 gradibus
848 1594 887 1657 ad
901 1591 1058 1675 perfectae
1081 1591 1222 1679 caritatis

98 1711 154 1758 nos
178 1696 257 1759 bona
269 1693 429 1775 perducat.
453 1692 586 1769 demine,
604 1696 640 1756 ut
661 1710 756 1774 snpra
768 1694 990 1760 salutationem
1004 1693 1221 1776 premarinum

97 1796 230 1863 reddens
252 1813 374 1878 quaeso,
397 1800 434 1860 nt
455 1795 694 1878 prosperitatem
715 1800 853 1861 uestram
874 1796 927 1861 nel
947 1814 1064 1876 eorum,
1089 1798 1142 1879 qui
1164 1814 1221 1863 nos

97 1899 246 1981 diligunt,
268 1896 484 1981 frequentibus
505 1898 584 1962 mihi
607 1897 750 1994 indicetis
773 1898 929 1981 alloquiis.

61 2084 89 2124 15
616 2052 704 2117 VIII.

453 2188 636 2244 ENNODIVS
654 2186 864 2243 EVPREPIAE.

140 2292 240 2373 Quam
267 2292 343 2358 bene
374 2294 512 2357 animum
540 2312 644 2358 meum
677 2290 715 2357 ad
744 2292 927 2375 patientiam
961 2295 1219 2376 sequestrationis

96 2394 253 2459 absentiae
281 2396 403 2461 nestrae
436 2414 510 2460 usus
540 2396 719 2477 aptauerat‚
754 2394 829 2460 dnm
857 2396 975 2478 prolixa
1002 2396 1127 2462 silentia
1150 2415 1219 2462 con·

95 2498 251 2581 temptum
275 2498 446 2564 dulcedinis
469 2515 574 2563 rernm
597 2516 723 2564 snarnm
745 2500 931 2564 necessitate
958 2500 1138 2581 pariebant!
1172 2518 1221 2564 re·

56 2602 191 2667 rescissa
204 2605 260 2665 ¹est
282 2592 421 2683 cicatrix,
453 2620 531 2685 qnae
552 2604 590 2667 ad
612 2600 800 2667 medicinam
830 2602 873 2685 pii
902 2604 1016 2667 amoris
1038 2611 1220 2671 accesserat.

94 2704 251 2783 confiteor,
275 2722 360 2769 soror
371 2702 572 2784 uenerabilis,
595 2705 634 2770 ad
649 2704 815 2788 antiquum
828 2722 879 2769 me
893 2705 1079 2771 desiderium
1095 2706 1220 2771 litterae

95 2810 168 2873 tuae
197 2808 290 2873 nimis
324 2808 395 2872 neto
428 2806 570 2872 conditae
598 2824 706 2890 sapore
736 2810 931 2872 renouarent.
970 2808 1138 2872 ecce'uide
1161 2825 1221 2891 qua

93 2928 218 2975 mecum
247 2910 314 2975 arte
335 2912 511 2991 contendis,
541 2908 592 2975 cui
621 2924 676 2975 nec
698 2910 882 2975 satietatem
911 2910 948 2975 de
970 2908 1145 2993 praesentia
1166 2910 1223 2977 tua

93 3032 150 3078 nee
181 3010 369 3078 obliuionem
402 3015 440 3078 de
471 3014 595 3078 silentio
616 3012 733 3096 pateris
769 3008 943 3079 subuenire.
976 3012 1036 3078 scit
1065 3011 1222 3079 mentium

145 3198 209 3253 v11.
244 3196 401 3267 enerues
425 3196 488 3264 nu,
516 3196 631 3267 arrpuit
654 3198 718 3263 ec,
747 3198 852 3253 nmen
876 3199 913 3264 a,
940 3198 1048 3269 mpero
1070 3200 1154 3257 aare

92 3291 165 3359 diac'i
187 3302 214 3356 Β
317 3301 491 3356 dessentiae
519 3301 614 3357 Ll¹¹V
713 3300 829 3371 dampna
855 3301 939 3356 LTV
1046 3303 1222 3358 litenerum

91 3441 120 3495 Β
225 3456 245 3499 s.
263 3440 396 3495 mulcetur
412 3440 523 3508 scripsi,
547 3438 768 3509 adaequatione!
789 3402 893 3495 niffen
911 3439 939 3493 Β
956 3442 980 3505 (·
995 3454 1058 3509 esp.
1076 3444 1102 3494 et
1119 3425 1229 3493 minnit'

91 3560 112 3601 a.
132 3546 151 3601 l.
169 3560 203 3598 m.
220 3546 298 3613 rec.),
324 3544 536 3613 sequestratione
559 3544 692 3597 minuitur
714 3543 752 3600 t.
842 3542 1029 3597 dmritateb
1141 3542 1222 3595 din-
1328 3535 1334 3545 '

88 3650 248 3719 iaaieotione
265 3662 292 3715 L
382 3661 533 3717 litterarum
551 3660 612 3715 LV
701 3636 841 3745 laeena'ns
861 3660 889 3714 V
978 3664 1107 3732 unquam
1130 3664 1157 3718 V

90 3784 272 3838 sensuum
289 3781 329 3836 B*
380 3810 382 3815 -
431 3782 537 3836 nomina
557 3781 602 3836 rc
703 3781 801 3851 mrpru
820 3781 869 3837 aa
971 3752 1177 3853 coaequat
1194 3784 1223 3839 a

91 3873 131 3935 (et
148 3885 169 3924 a.
184 3869 201 3923 i.
219 3886 254 3922 m.
273 3870 347 3936 rec),
376 3869 493 3923 astutiae
510 3868 618 3925 assett
727 3868 762 3922 10
783 3866 967 3936 dampnandus
990 3868 1082 3935 LTV,
1113 3870 1223 3925 mennas

91 3958 142 4011 dna
162 3956 212 4012 Bb

141 4058 219 4113 vm.
256 4058 289 4112 16
315 4058 467 4133 enpraepiae
495 4057 549 4118 BL
557 4058 606 4124 Vb,
632 4057 725 4131 suppio
751 4056 771 4112 1
894 4057 928 4111 17
949 4073 977 4112 se
999 4058 1223 4127 sequestrationis

89 4146 139 4200 Bb
242 4144 276 4199 19
301 4144 399 4199 rescisa
427 4142 454 4198 L
562 4144 596 4199 21
623 4141 676 4215 me]
703 4145 750 4213 qui
773 4158 816 4197 me
841 4142 906 4211 Bt,·
935 4141 998 4213 quia
1022 4158 1065 4197 me
1087 4144 1152 4211 sort.

90 4266 125 4321 22
144 4238 301 4351 reuocarint
318 4266 345 4320 Β
439 4266 556 4335 quaint
658 4266 694 4321 23
710 4281 813 4321 meeum
830 4234 997 4333 stadim,
1025 4265 1129 4334 eqnnt

141 4368 186 4424 VI.
1083 4366 1115 4421 12
