2992 4967
373 343 562 415 0purs.111.
584 344 664 399 Vita
683 345 714 399 B.
731 344 913 416 Epiphani.
1143 345 1210 412 &5

75 554 163 603 mem
178 554 214 603 ee
229 534 364 603 debilem
376 554 395 601 a
407 533 611 602 leteminitus
626 535 690 602 suis
707 534 838 602 mandet
852 534 959 615 areeri
975 534 1134 601 inuenitur
1147 552 1210 614 ene,

75 638 134 725 qui
157 638 373 723 multiplieiter
394 638 479 723 greti
503 641 587 723 suut,
610 636 743 705 libenter
765 636 942 722 admittere,
969 638 1153 723 praesertim
1174 639 1209 705 in

74 758 140 825 que
161 742 264 807 luuem
286 740 498 809 membrorum
520 742 647 808 enimse
660 738 765 825 fulgor
789 744 937 823 exuperat
949 758 1011 806 nee
1025 741 1211 808 naturaliter

74 843 161 909 illud
183 845 342 911 terrenum
363 847 457 913 denus
480 842 640 926 aliquibus
663 842 1003 911 muretensiuuetur.

48 970 63 1011 a
122 947 320 1014 Praestriotis
351 964 424 1031 ergo
453 948 502 1012 hie
533 964 612 1031 quae
641 945 781 1029 oportuit
801 962 862 1010 uon
884 945 998 1025 emitti,
1028 946 1066 1013 ut
1087 950 1139 1014 eui
1159 948 1209 1013 in·

76 1050 257 1121 noteeoeret
279 1068 369 1134 opere
393 1050 443 1119 uir
465 1052 627 1117 inmensus
648 1050 902 1133 praesentaretur
917 1052 956 1116 et
977 1050 1083 1130 uultu,
1106 1055 1209 1119 uane-

75 1171 151 1221 eam
179 1152 218 1219 ed
246 1152 312 1236 illa
346 1171 425 1237 quae
455 1154 494 1227 de
527 1152 699 1219 eulturibus
730 1153 779 1220 dei
808 1154 907 1221 nostri
928 1171 991 1221 non
1012 1153 1210 1223 mediocriter

74 1255 237 1323 laudande
259 1254 361 1323 nonne
384 1256 559 1326 uerreetur.
596 1258 664 1321 erat
679 1257 712 1324 in
727 1258 835 1323 eedem
856 1273 955 1325 sermo
970 1255 1012 1323 ed
1033 1256 1209 1325 doetrinam

76 1376 245 1442 eongrmu,
268 1358 440 1427 debrientur
457 1358 497 1426 ed
515 1357 702 1441 blandities,
726 1360 767 1425 ed
788 1359 1026 1428 iuteroesaionee
1046 1362 1112 1429 iarn
1133 1367 1209 1429 tuno

38 1461 204 1539 martifer,
226 1462 264 1529 ed
287 1463 495 1547 surripiendus
519 1464 658 1549 ninguine
682 1462 868 1531 auotoritate
887 1464 1009 1547 plenus,
1036 1464 1076 1533 ed
1098 1463 1209 1533 exter·

76 1566 190 1633 tandoe
224 1582 358 1649 quaeque
392 1566 566 1633 messario
600 1566 705 1649 lepore
740 1566 963 1634 duloieaiunue:
998 1584 1059 1633 uer
1089 1584 1208 1646 meere,

76 1686 155 1741 aueo
177 1667 281 1741 uirilis
302 1668 475 1753 elegantiae
507 1668 642 1750 condita,
672 1688 728 1737 uae
751 1672 864 1737 temen·
879 1670 1011 1755 agrestia
1033 1688 1069 1737 eu
1090 1669 1210 1739 matiea

77 1788 138 1856 neo
159 1769 294 1839 infreeta
316 1772 535 1855 gradatimque
551 1791 569 1837 e
586 1772 729 1842 meeoula
749 1771 910 1841 soliditate
930 1772 1081 1857 deposita
1117 1773 1209 1844 illum

77 1876 266 1958 quidamque
296 1874 386 1953 uidit,
416 1892 488 1949 euru
508 1874 656 1953 ,neudum
679 1874 870 1961 dignitatum
891 1875 1019 1959 aliquod
1037 1876 1136 1943 limen
1157 1875 1209 1943 iu·

41 1980 203 2061 strueret,
236 1977 343 2045 omnia
375 1997 447 2045 eum
476 1978 626 2047 sensisse
658 1978 791 2047 eredidit
809 1992 900 2062 ¹quoe
928 1981 1138 2063 sequebantur
1159 1978 1209 2045 in-

77 2097 192 2163 ergure.
737 2144 740 2153 .

122 2184 209 2251 Telis
232 2186 295 2251 iem
310 2186 349 2251 ad
363 2188 509 2255 menum
532 2185 691 2253 deuimem
707 2186 820 2255 aetatis
834 2205 909 2253 suae
923 2187 1065 2270 peruenit
1078 2204 1207 2253 aunum.

78 2288 114 2353 iu
134 2304 196 2369 que
218 2289 251 2355 iu
272 2286 407 2355 seeundo
421 2306 441 2353 a
455 2286 566 2353 leuitie
589 2306 717 2355 numere
741 2288 913 2374 denoque,
935 2307 1048 2359 eeuum
1069 2289 1208 2356 emulus

78 2408 158 2473 puer
173 2390 338 2461 adiuuotus
353 2392 411 2460 est
439 2393 584 2473 stupuere
600 2391 797 2474 eenplurimi,
818 2394 872 2459 sed
886 2394 1015 2476 externi,
1036 2391 1092 2476 qui
1105 2408 1207 2460 remea

42 2493 167 2559 roillius
196 2511 269 2563 oum
299 2494 412 2559 aetatis
442 2494 662 2561 inmaturitate
692 2494 881 2578 iungebant:
912 2512 1014 2561 serem
1039 2494 1209 2563 eredebant

79 2595 270 2679 dignitatem
296 2597 377 2666 hene
404 2597 559 2665 redditum
588 2614 653 2663 esee
682 2596 735 2679 qui
764 2598 932 2665 nouum.
948 2597 981 2665 at
1002 2596 1057 2663 ille
1080 2615 1208 2665 uenere·

78 2698 158 2765 bilis
187 2697 349 2783 Crispinus
383 2699 559 2785 episeopus,
593 2698 711 2769 fauoris
742 2701 883 2778 ,uestium
916 2701 1067 2783 pauisse
1098 2703 1207 2769 tenum

81 2800 278 2871 distrietime
300 2819 462 2872 censuram
478 2806 510 2871 et
526 2820 618 2887 quem
641 2820 813 2887 numquam
834 2801 897 2870 uisi
918 2802 1004 2871 bone.
1019 2803 1209 2872 neumieutia

80 2902 172 2974 duait
197 2906 237 2973 ed
265 2908 407 2989 gretiam,
443 2906 493 2975 sie¹
517 2924 588 2973 enm
618 2904 776 2978 muloebet
801 2905 956 2995 aspaltum,
980 2909 1025 2974 ut
1052 2906 1209 2975 morderet

44 3008 216 3089 neobtutu„
229 3012 261 3077 et
281 3010 340 3077 sue
363 3010 463 3095 speeie
484 3009 598 3083 lreulie
621 3010 737 3094 rigidae
760 3009 989 3081 alawinum
1009 3010 1094 3079 eirea
1113 3010 1209 3081 snei·

80 3112 193 3195 pulum
214 3113 371 3182 nueieeeo
386 3112 544 3187 effaetum.
575 3114 763 3197 peseebatur
786 3112 972 3182 alumuioui
984 3111 1119 3196 optabili
1134 3129 1207 3180 aen·

81 3217 257 3284 uersatieue
279 3217 368 3299 pater
383 3218 414 3283 et
430 3216 464 3283 iu
488 3216 630 3285 omnibus
653 3218 719 3283 eius
741 3218 862 3285 uetitum
883 3216 991 3283 oeulos
1012 3215 1221 3287 anemee-

81 3320 115 3384 in
148 3336 207 3402 quo
241 3321 347 3385 tamen
380 3320 434 3385 ille
469 3318 664 3385 subdiaeeuii
697 3319 803 3385 ordine
837 3320 917 3386 nihil
949 3320 1084 3404 emplius
1115 3337 1208 3401 quam

133 3540 150 3594 2
169 3528 310 3596 auertiue
327 3539 477 3597 sunere
576 3512 734 3609 erinperto
757 3540 787 3606 r,
813 3544 955 3611 anemae
971 3541 998 3596 u
1075 3537 1102 3595 ‘e
1119 3544 1208 3594 esne

80 3625 223 3685 eamneT
337 3625 353 3679 l
381 3628 467 3681 nostri
485 3641 540 3680 non
559 3624 651 3691 BN,
683 3632 707 3679 ll.
726 3640 779 3679 nou
799 3625 838 3692 L,
866 3643 919 3700 nun
937 3641 990 3681 non
1011 3626 1083 3693 N,
1112 3641 1166 3679 non
1185 3624 1212 3679 P

80 3752 107 3803 at
131 3744 221 3801 ems
319 3745 487 3801 mediuurlter
514 3746 542 3802 L
643 3719 831 3831 tiabrtoater
857 3746 884 3799 B
995 3746 1209 3801 ·1dlerortnndte

78 3848 145 3905 tetri
249 3848 282 3904 12
299 3864 376 3906 euoeo
395 3849 421 3903 T
519 3850 665 3920 elisantiae
683 3848 769 3905 BLV
870 3850 903 3906 1⁵
919 3848 1054 3918 mediique
1071 3848 1160 3918 (itque
1175 3852 1209 3905 ie

79 3950 136 3991 rus.
155 3938 236 4003 eurr.)
258 3934 282 3989 l'
372 3936 404 3989 17
424 3935 556 3994 nmmum
574 3939 698 3991 domuum
716 3934 800 4012 Sirene.
891 3934 924 3989 18
940 3934 971 3989 in
989 3939 1065 4001 (uate
1080 3934 1208 4009 mundo)

79 4036 133 4075 em.
150 4020 231 4080 sim
328 4020 477 4077 estibuaT
578 4023 611 4077 19
629 4038 695 4093 puer
714 4022 750 4093 B,
777 4037 823 4093 per
840 4020 959 4085 LPTV,
976 4021 1061 4077 oeae
1094 4087 1097 4093 ¹
1150 4024 1209 4079 etu-

80 4107 235 4176 puereutb
319 4160 321 4169 ,
350 4106 490 4177 cdplurimi
515 4110 539 4175 (d
558 4124 593 4165 ee
611 4112 629 4162 d
647 4112 728 4174 corr.)
756 4108 792 4174 Τ,
827 4105 937 4178 plurimi
960 4106 988 4161 P
1008 4112 1035 4163 et
1057 4107 1140 4165 Sirra

81 4192 117 4247 26
133 4194 175 4247 rui
193 4193 290 4247 ΜΤ
389 4192 421 4246 27
441 4192 469 4247 in
488 4210 539 4251 ora.
559 4194 647 4251 Sine*
728 4192 870 4249 amonebat
888 4192 941 4248 PT
1031 4189 1085 4249 ’18
1102 4193 1219 4255 subdia.

82 4278 156 4335 eonii
174 4278 209 4347 Β,
237 4278 394 4335 subdiaouni
411 4278 500 4347 LTV,
527 4280 752 4337 subdiaoenumt
1150 4279 1154 4289 '
1202 4296 1207 4306 ¹
