2992 4967
276 338 341 405 320
632 333 745 405 ntegri
763 333 893 390 Felicis
909 333 1040 391 Enuodi

276 525 430 595 semidiem
451 528 484 591 et
505 540 671 591 numerose
691 522 792 608 proles
806 541 862 606 per
876 520 1021 593 sinistros
1034 523 1125 588 actm
1138 519 1402 595 infecunditatem

275 629 423 715 pudentis
444 626 597 695 ostendet.
619 642 719 709 peuce
739 626 814 693 sunt
834 643 914 708 quoe
935 625 1067 701 eductui¹
1089 624 1144 692 sed
1165 625 1283 708 qneute
1299 623 1401 696 curtis

276 733 428 817 pendseut
455 731 627 797 oestimnto.
666 729 818 809 uenite,
844 727 927 807 lili,
959 728 1094 795 audite
1121 747 1193 797 me:
1222 727 1400 797 timorem

277 834 427 902 domini
460 834 568 903 docui
595 852 671 901 uos.
709 834 842 901 Romem
866 833 1029 917 respicito,
1061 846 1156 916 quem
1179 832 1219 901 et
1241 832 1400 899 idolorum

145 966 154 983 .
277 940 426 1007 sornitnte
458 937 527 1005 sine
558 937 644 1016 euni,
681 937 748 1003 eine
776 935 903 1020 urgenti
935 936 1036 1018 pretio
1068 935 1204 1003 liberem
1237 936 1432 1020 senguiuise

276 1042 394 1110 cursu
414 1039 488 1107 lecit
510 1040 627 1120 offusio,
650 1039 700 1105 cni
722 1040 819 1107 etiem
841 1057 943 1108 mcum
957 1038 1075 1109 seruoli
1089 1039 1141 1106 sui
1154 1042 1290 1106 mortem
1304 1038 1401 1105 imeit

277 1142 419 1229 inpendi,
451 1160 531 1227 queo
564 1161 618 1225 por
650 1142 754 1209 multe
781 1143 924 1223 tempore
950 1140 1080 1209 fumosis
1107 1142 1230 1212 cultum
1258 1142 1401 1209 ddutris

279 1246 427 1324 emunt,
449 1264 525 1330 queo
547 1246 601 1313 diu
623 1250 773 1313 usnomte
790 1248 839 1313 est
851 1245 886 1311 in
899 1245 1090 1329 imnginitus
1105 1246 1291 1315 deemouum
1306 1265 1400 1329 quem

277 1350 435 1419 letoreutc
457 1368 551 1421 censu
572 1349 727 1417 indiderat
748 1366 861 1415 munus
883 1349 1033 1434 megisto-o
1058 1351 1221 1425 terrorem,
1244 1368 1324 1433 queo
1345 1369 1400 1415 su·

278 1454 380 1538 sperit
406 1455 590 1539 potmtutem
614 1454 779 1519 numinum
806 1452 944 1535 emptum
970 1453 1071 1535 pretio
1098 1453 1317 1533 moedorum,
1348 1452 1433 1519 cuis

279 1559 476 1627 sublimiores
499 1556 570 1622 deos
592 1556 713 1642 peperit
736 1555 931 1623 exercitatior
950 1574 1062 1623 menes
1083 1555 1263 1624 ruinosos
1282 1556 1398 1623 diuini·

278 1663 376 1729 tutem
408 1680 501 1745 quem
532 1661 624 1727 homo
652 1679 707 1744 per
735 1658 885 1727 fabricem
914 1659 1049 1727 eontulit
1075 1659 1159 1743 epnd
1185 1660 1328 1729 homines
1348 1660 1401 1727 dei

278 1765 389 1833 hebuit
417 1763 517 1831 forme
544 1764 702 1830 maiorem.
737 1780 808 1829 eoos
836 1763 902 1834 iem
923 1760 1045 1830 Christo
1075 1764 1208 1848 pmpitio
1231 1766 1272 1831 sd
1303 1782 1400 1833 nones

279 1867 416 1933 iomeoes
431 1866 598 1933 simulacre
611 1867 785 1935 redierunt:
808 1885 877 1933 ecce
891 1866 956 1933 ium
970 1868 1009 1933 de
1023 1866 1163 1935 obsoleto
1175 1868 1400 1950 superstitious

279 1990 351 2035 usus
373 1970 479 2035 uester
500 1968 616 2052 occipit
636 1972 715 2051 quod
738 1969 891 2046 luctetur,
910 1970 986 2035 dum
1008 1972 1047 2037 de
1061 1970 1161 2036 ueteri
1174 1974 1304 2038 tenente
1318 1989 1435 2039 uouere

278 2074 392 2137 merito
414 2072 541 2137 uascule
561 2072 796 2156 prosperentur.
830 2072 905 2154 quid
928 2072 1009 2137 hanc
1030 2073 1209 2141 adnitimini
1230 2073 1400 2141 interrum-

279 2196 351 2261 pere
378 2175 538 2259 quictem?
571 2176 645 2258 quid
674 2175 781 2241 ludere
811 2176 903 2241 uenis
930 2177 1158 2246 intentionibus
1187 2177 1399 2245 felicitetun?

280 2282 504 2345 cremationem
533 2295 594 2343 non
623 2277 717 2344 hebet
745 2277 926 2359 morisco,
954 2280 1148 2348 sioreditis:
1183 2300 1246 2347 non
1266 2282 1402 2349 interest

281 2384 391 2466 quibus
423 2380 589 2447 itineribus
616 2381 655 2446 ed
682 2382 793 2447 mundi
824 2383 997 2466 principem
1029 2388 1133 2451 currat
1165 2385 1220 2468 qui
1244 2404 1264 2452 e
1291 2387 1402 2452 eructo

280 2486 400 2551 unitntc
428 2484 588 2551 desciscit:
622 2484 754 2569 pingues
775 2485 895 2553 hostius
916 2487 989 2553 litet
1010 2488 1135 2555 dinbolo
1156 2490 1211 2571 qui
1233 2488 1434 2555 contristato

281 2588 451 2654 ecclesium.
485 2606 580 2654 nunes
612 2607 684 2673 ergo
704 2590 867 2673 repudiate
889 2589 1078 2656 tendiculas:
1110 2592 1285 2673 simplicem
1306 2590 1401 2658 hebet

282 2690 488 2764 detonsionem
514 2692 599 2776 pecie
628 2692 770 2759 effectus:
806 2694 897 2758 nimis
925 2695 1066 2759 ermetus
1094 2696 1143 2759 est
1169 2695 1223 2777 qui
1243 2694 1302 2761 ille
1322 2713 1402 2777 quoe

282 2794 478 2861 odnersenius
500 2794 678 2861 concordius
695 2795 856 2863 ministret
869 2796 936 2862 telo
949 2795 1136 2863 contemnit:
1156 2796 1279 2863 sufficit
1292 2800 1404 2865 contu

281 2897 384 2963 omniu
412 2898 515 2965 insule
542 2898 715 2982 imgiorum
744 2896 816 2963 fidei
845 2900 927 2965 nude
948 2901 1110 2983 oppositio.
1144 2902 1220 2983 quid
1240 2902 1348 2968 Euloii
1367 2902 1404 2967 et

383 3082 587 3149 3HQH

335 3255 348 3307 1
367 3252 486 3307 semilis·
501 3254 539 3322 (m
551 3255 632 3323 cras)
653 3252 678 3311 d
770 3270 924 3313 numerosos
939 3259 977 3325 (m
989 3263 1069 3323 crue.)
1087 3257 1116 3313 L
1206 3258 1291 3331 prolis
1308 3259 1334 3314 B

282 3338 391 3394 sinistro
412 3338 441 3396 Β
549 3342 621 3395 octos
644 3339 685 3407 B,
712 3338 799 3397 iectus
819 3341 848 3399 R
959 3342 1195 3399 infoecunditatem
1213 3344 1253 3409 Β,
1280 3343 1404 3400 infundi·

282 3424 406 3481 tetemL
491 3424 787 3495 spernendum
868 3428 1081 3498 3peudnntAR
1161 3429 1338 3487 filiiALRV

282 3510 534 3571 metdduT
616 3510 792 3568 4doceboA
877 3514 1125 3584 5precioALTV
1207 3514 1403 3573 libsremBe.

282 3599 309 3667 t,
334 3597 442 3653 liberati
458 3598 487 3653 A
588 3598 605 3653 8
622 3598 777 3667 imegnibus
795 3599 833 3655 Π
931 3600 1018 3671 quem]
1036 3603 1149 3671 queein
1166 3601 1225 3659 Rue
1327 3602 1345 3657 9
1362 3601 1402 3656 in-

282 3684 367 3739 dierot
378 3683 435 3749 Asu
519 3698 636 3739 errorum
648 3684 694 3739 Pb
786 3685 821 3741 10
833 3687 931 3744 emtum
950 3686 986 3754 Β,
1013 3689 1131 3757 cpmtem
1148 3686 1208 3743 Boo
1294 3687 1327 3742 11
1340 3687 1402 3743 snb·

282 3787 396 3843 limioris
415 3786 443 3843 Β
548 3786 580 3843 13
602 3787 719 3856 propicio
743 3787 802 3845 LV
900 3790 934 3845 14
956 3791 1153 3859 superductione
1174 3793 1201 3847 A
1306 3794 1339 3849 15
1356 3780 1402 3847 nft

283 3892 318 3954 n.
345 3878 409 3951 uisu
427 3890 455 3945 n
552 3890 666 3959 empus
685 3890 722 3959 n,
748 3892 852 3961 scopu
868 3909 896 3948 o
991 3894 1024 3949 rs
1041 3908 1093 3949 oss
1112 3893 1139 3949 Ι,
1242 3896 1276 3950 ns
1292 3912 1402 3967 μη»

283 4012 385 4081 enom]
402 4016 455 4081 ppo
472 4012 498 4064 n
584 4012 745 4067 minem
764 4013 792 4068 s
883 4014 916 4069 nn
932 4012 1020 4069 urm
1038 4014 1065 4068 s
1153 4016 1188 4070 ns
1204 3980 1289 4071 meri
1306 4016 1334 4072 n

286 4098 318 4154 ne
335 4098 434 4168 sums]
453 4097 547 4153 unus
564 4115 591 4153 m
675 4098 748 4155 er
833 4099 868 4154 oo
884 4098 1004 4155 messus
1021 4099 1138 4168 eoru,
1164 4100 1274 4157 umes
1290 4100 1323 4169 r,
1348 4101 1401 4157 ue

284 4182 448 4252 eruens,
469 4183 647 4242 censuere
733 4184 880 4241 nouos
969 4187 1002 4243 er
1015 4186 1336 4257 coduscanorum

284 4268 656 4342 utcontempnitABIritV
750 4270 895 4329 coenulfi
911 4271 1028 4340 ARN,
1054 4271 1158 4328 enutriti
1176 4273 1289 4342 dnos.)
1307 4273 1336 4330 L
