<?xml version="1.0" encoding="UTF-8"?>
<!DOCTYPE html PUBLIC "-//W3C//DTD XHTML 1.0 Transitional//EN"
    "http://www.w3.org/TR/xhtml1/DTD/xhtml1-transitional.dtd">
<html xmlns="http://www.w3.org/1999/xhtml" xml:lang="en" lang="en">
 <head>
  <title>
</title>
<meta http-equiv="Content-Type" content="text/html;charset=utf-8" />
  <meta name='ocr-system' content='tesseract 3.04.00' />
  <meta name='ocr-capabilities' content='ocr_page ocr_carea ocr_par ocr_line ocrx_word'/>
</head>
<body>
  <div class='ocr_page' id='page_1' title='image "./corpusscriptoru10wissgoog/corpusscriptoru10wissgoog_0130.png"; bbox 0 0 2992 4967; ppageno 0'>
   <div class='ocr_carea' id='block_1_1' title="bbox 277 368 1039 440">
    <p class='ocr_par' dir='ltr' id='par_1_1' title="bbox 277 368 1039 440">
     <span class='ocr_line' id='line_1_1' title="bbox 277 368 1039 440; baseline -0.005 -12"><span class='ocrx_word' id='word_1_1' title='bbox 277 371 319 438; x_wconf 82' lang='lat'>26</span> <span class='ocrx_word' id='word_1_2' title='bbox 631 371 747 440; x_wconf 77' lang='lat' dir='ltr'>Magni</span> <span class='ocrx_word' id='word_1_3' title='bbox 764 369 891 427; x_wconf 75' lang='lat' dir='ltr'>Felicis</span> <span class='ocrx_word' id='word_1_4' title='bbox 908 368 1039 424; x_wconf 75' lang='lat' dir='ltr'>Ennodi</span> 
     </span>
    </p>
   </div>
   <div class='ocr_carea' id='block_1_2' title="bbox 275 557 1434 1055">
    <p class='ocr_par' dir='ltr' id='par_1_2' title="bbox 275 557 1434 1055">
     <span class='ocr_line' id='line_1_2' title="bbox 276 557 1398 643; baseline -0.004 -15"><span class='ocrx_word' id='word_1_5' title='bbox 276 563 309 628; x_wconf 91' lang='lat' dir='ltr'>in</span> <span class='ocrx_word' id='word_1_6' title='bbox 319 561 446 643; x_wconf 81' lang='lat' dir='ltr'>ancipiti</span> <span class='ocrx_word' id='word_1_7' title='bbox 456 559 495 625; x_wconf 90' lang='lat' dir='ltr'>de</span> <span class='ocrx_word' id='word_1_8' title='bbox 505 559 694 643; x_wconf 90' lang='lat' dir='ltr'>profeotione</span> <span class='ocrx_word' id='word_1_9' title='bbox 704 559 809 624; x_wconf 87' lang='lat' dir='ltr'>uestra</span> <span class='ocrx_word' id='word_1_10' title='bbox 823 558 945 623; x_wconf 90' lang='lat' dir='ltr'>animus</span> <span class='ocrx_word' id='word_1_11' title='bbox 960 575 1047 624; x_wconf 88' lang='lat' dir='ltr'>meus</span> <span class='ocrx_word' id='word_1_12' title='bbox 1062 557 1260 642; x_wconf 67' lang='lat' dir='ltr'>pependisset</span> <span class='ocrx_word' id='word_1_13' title='bbox 1273 557 1398 624; x_wconf 82' lang='lat' dir='ltr'>auditu</span> 
     </span>
     <span class='ocr_line' id='line_1_3' title="bbox 275 661 1400 744; baseline -0.003 -14"><span class='ocrx_word' id='word_1_14' title='bbox 275 665 329 730; x_wconf 88' lang='lat' dir='ltr'>ssd</span> <span class='ocrx_word' id='word_1_15' title='bbox 351 664 432 729; x_wconf 87' lang='lat' dir='ltr'>hano</span> <span class='ocrx_word' id='word_1_16' title='bbox 452 665 540 729; x_wconf 88' lang='lat' dir='ltr'>oredo</span> <span class='ocrx_word' id='word_1_17' title='bbox 569 661 694 744; x_wconf 84' lang='lat' dir='ltr'>eulpam</span> <span class='ocrx_word' id='word_1_18' title='bbox 723 661 899 744; x_wconf 75' lang='lat' dir='ltr'><strong>scriptionis</strong></span> <span class='ocrx_word' id='word_1_19' title='bbox 920 661 1080 728; x_wconf 87' lang='lat' dir='ltr'>emendari</span> <span class='ocrx_word' id='word_1_20' title='bbox 1101 680 1190 744; x_wconf 90' lang='lat' dir='ltr'>posse</span> <span class='ocrx_word' id='word_1_21' title='bbox 1211 661 1400 744; x_wconf 66' lang='lat' dir='ltr'>frequentia„</span> 
     </span>
     <span class='ocr_line' id='line_1_4' title="bbox 275 764 1401 850; baseline -0.003 -18"><span class='ocrx_word' id='word_1_22' title='bbox 275 771 414 850; x_wconf 77' lang='lat' dir='ltr'>superest</span> <span class='ocrx_word' id='word_1_23' title='bbox 441 769 478 830; x_wconf 90' lang='lat' dir='ltr'>nt</span> <span class='ocrx_word' id='word_1_24' title='bbox 505 764 654 832; x_wconf 88' lang='lat' dir='ltr'>diuinitas</span> <span class='ocrx_word' id='word_1_25' title='bbox 682 783 702 830; x_wconf 89' lang='lat' dir='ltr'>a</span> <span class='ocrx_word' id='word_1_26' title='bbox 728 767 817 830; x_wconf 85' lang='lat' dir='ltr'>uobis</span> <span class='ocrx_word' id='word_1_27' title='bbox 846 782 882 829; x_wconf 86' lang='lat' dir='ltr'>ea</span> <span class='ocrx_word' id='word_1_28' title='bbox 908 764 1038 831; x_wconf 84' lang='lat' dir='ltr'>iudieari</span> <span class='ocrx_word' id='word_1_29' title='bbox 1066 766 1163 833; x_wconf 70' lang='lat' dir='ltr'>leont</span> <span class='ocrx_word' id='word_1_30' title='bbox 1195 784 1274 848; x_wconf 87' lang='lat' dir='ltr'>quae</span> <span class='ocrx_word' id='word_1_31' title='bbox 1306 765 1401 830; x_wconf 85' lang='lat' dir='ltr'>iuuat</span> 
     </span>
     <span class='ocr_line' id='line_1_5' title="bbox 277 867 1400 952; baseline -0.004 -16"><span class='ocrx_word' id='word_1_32' title='bbox 277 869 413 952; x_wconf 78' lang='lat' dir='ltr'>agnosei.</span> <span class='ocrx_word' id='word_1_33' title='bbox 437 868 561 934; x_wconf 90' lang='lat' dir='ltr'>domine</span> <span class='ocrx_word' id='word_1_34' title='bbox 575 870 629 945; x_wconf 86' lang='lat' dir='ltr'>mi,</span> <span class='ocrx_word' id='word_1_35' title='bbox 653 867 784 933; x_wconf 84' lang='lat' dir='ltr'>effusam</span> <span class='ocrx_word' id='word_1_36' title='bbox 805 867 936 934; x_wconf 76' lang='lat' dir='ltr'>salutem</span> <span class='ocrx_word' id='word_1_37' title='bbox 952 870 1143 934; x_wconf 87' lang='lat' dir='ltr'>reuerentiae</span> <span class='ocrx_word' id='word_1_38' title='bbox 1158 872 1279 934; x_wconf 87' lang='lat' dir='ltr'>nestrae</span> <span class='ocrx_word' id='word_1_39' title='bbox 1289 867 1400 932; x_wconf 86' lang='lat' dir='ltr'>diosus</span> 
     </span>
     <span class='ocr_line' id='line_1_6' title="bbox 275 969 1434 1055; baseline -0.005 -19"><span class='ocrx_word' id='word_1_40' title='bbox 275 989 396 1055; x_wconf 80' lang='lat' dir='ltr'>preest,</span> <span class='ocrx_word' id='word_1_41' title='bbox 429 972 466 1036; x_wconf 91' lang='lat' dir='ltr'>ut</span> <span class='ocrx_word' id='word_1_42' title='bbox 494 989 573 1053; x_wconf 90' lang='lat' dir='ltr'>quae</span> <span class='ocrx_word' id='word_1_43' title='bbox 601 971 746 1036; x_wconf 86' lang='lat' dir='ltr'>mandaui</span> <span class='ocrx_word' id='word_1_44' title='bbox 776 971 972 1054; x_wconf 76' lang='lat' dir='ltr'>suggerenda</span> <span class='ocrx_word' id='word_1_45' title='bbox 998 971 1212 1053; x_wconf 89' lang='lat' dir='ltr'>adipisoantur</span> <span class='ocrx_word' id='word_1_46' title='bbox 1233 969 1434 1036; x_wconf 75' lang='lat' dir='ltr'>effaetums</span> 
     </span>
    </p>
   </div>
   <div class='ocr_carea' id='block_1_3' title="bbox 640 1159 1036 1354">
    <p class='ocr_par' dir='ltr' id='par_1_3' title="bbox 640 1159 1036 1354">
     <span class='ocr_line' id='line_1_7' title="bbox 802 1159 871 1224; baseline 0 0"><span class='ocrx_word' id='word_1_47' title='bbox 802 1159 871 1224; x_wconf 86' lang='lat' dir='ltr'>XV.</span> 
     </span>
     <span class='ocr_line' id='line_1_8' title="bbox 640 1295 1036 1354; baseline 0.005 -4"><span class='ocrx_word' id='word_1_48' title='bbox 640 1295 823 1353; x_wconf 73' lang='lat' dir='ltr'>sioalsrto</span> <span class='ocrx_word' id='word_1_49' title='bbox 844 1295 1036 1354; x_wconf 71' lang='lat' dir='ltr'>susumus,</span> 
     </span>
    </p>
   </div>
   <div class='ocr_carea' id='block_1_4' title="bbox 241 1417 1433 3250">
    <p class='ocr_par' dir='ltr' id='par_1_4' title="bbox 275 1417 1433 2018">
     <span class='ocr_line' id='line_1_9' title="bbox 320 1417 1399 1502; baseline -0.001 -19"><span class='ocrx_word' id='word_1_50' title='bbox 320 1417 407 1484; x_wconf 90' lang='lat' dir='ltr'>Idem</span> <span class='ocrx_word' id='word_1_51' title='bbox 437 1418 483 1484; x_wconf 90' lang='lat' dir='ltr'>ost</span> <span class='ocrx_word' id='word_1_52' title='bbox 511 1417 680 1484; x_wconf 86' lang='lat' dir='ltr'>terminum</span> <span class='ocrx_word' id='word_1_53' title='bbox 708 1418 742 1483; x_wconf 90' lang='lat' dir='ltr'>iu</span> <span class='ocrx_word' id='word_1_54' title='bbox 765 1418 949 1502; x_wconf 81' lang='lat' dir='ltr'>adrogantia</span> <span class='ocrx_word' id='word_1_55' title='bbox 971 1435 1032 1483; x_wconf 93' lang='lat' dir='ltr'>non</span> <span class='ocrx_word' id='word_1_56' title='bbox 1055 1421 1159 1484; x_wconf 89' lang='lat' dir='ltr'>tenero</span> <span class='ocrx_word' id='word_1_57' title='bbox 1181 1418 1262 1502; x_wconf 93' lang='lat' dir='ltr'>quod</span> <span class='ocrx_word' id='word_1_58' title='bbox 1282 1420 1317 1483; x_wconf 89' lang='lat' dir='ltr'>in</span> <span class='ocrx_word' id='word_1_59' title='bbox 1338 1417 1399 1482; x_wconf 81' lang='lat' dir='ltr'>luu-</span> 
     </span>
     <span class='ocr_line' id='line_1_10' title="bbox 277 1521 1399 1605; baseline -0.002 -17"><span class='ocrx_word' id='word_1_60' title='bbox 277 1522 412 1588; x_wconf 86' lang='lat' dir='ltr'>militate</span> <span class='ocrx_word' id='word_1_61' title='bbox 434 1523 660 1588; x_wconf 76' lang='lat' dir='ltr'>transcendere.</span> <span class='ocrx_word' id='word_1_62' title='bbox 684 1521 842 1605; x_wconf 76' lang='lat' dir='ltr'>supercilii</span> <span class='ocrx_word' id='word_1_63' title='bbox 864 1521 993 1587; x_wconf 79' lang='lat' dir='ltr'>affectus</span> <span class='ocrx_word' id='word_1_64' title='bbox 1016 1526 1064 1587; x_wconf 89' lang='lat' dir='ltr'>est</span> <span class='ocrx_word' id='word_1_65' title='bbox 1084 1523 1166 1588; x_wconf 90' lang='lat' dir='ltr'>iusto</span> <span class='ocrx_word' id='word_1_66' title='bbox 1182 1521 1317 1605; x_wconf 87' lang='lat' dir='ltr'>amplius</span> <span class='ocrx_word' id='word_1_67' title='bbox 1333 1539 1399 1586; x_wconf 88' lang='lat' dir='ltr'>esse</span> 
     </span>
     <span class='ocr_line' id='line_1_11' title="bbox 276 1623 1433 1707; baseline -0.003 -16"><span class='ocrx_word' id='word_1_68' title='bbox 276 1625 469 1691; x_wconf 84' lang='lat' dir='ltr'>subiectum:</span> <span class='ocrx_word' id='word_1_69' title='bbox 506 1624 662 1690; x_wconf 84' lang='lat' dir='ltr'>familiare</span> <span class='ocrx_word' id='word_1_70' title='bbox 696 1626 744 1689; x_wconf 89' lang='lat' dir='ltr'>est</span> <span class='ocrx_word' id='word_1_71' title='bbox 772 1626 910 1707; x_wconf 86' lang='lat' dir='ltr'>grauiter</span> <span class='ocrx_word' id='word_1_72' title='bbox 934 1623 1095 1690; x_wconf 79' lang='lat' dir='ltr'>hiantibus</span> <span class='ocrx_word' id='word_1_73' title='bbox 1126 1642 1222 1689; x_wconf 86' lang='lat' dir='ltr'>nouas</span> <span class='ocrx_word' id='word_1_74' title='bbox 1254 1624 1398 1689; x_wconf 90' lang='lat' dir='ltr'>inuenire</span> <span class='ocrx_word' id='word_1_75' title='bbox 1408 1648 1433 1688; x_wconf 82' lang='grc' dir='ltr'>ιο</span> 
     </span>
     <span class='ocr_line' id='line_1_12' title="bbox 276 1727 1399 1813; baseline -0.004 -20"><span class='ocrx_word' id='word_1_76' title='bbox 276 1727 442 1794; x_wconf 88' lang='lat' dir='ltr'>blanditias</span> <span class='ocrx_word' id='word_1_77' title='bbox 455 1731 486 1792; x_wconf 89' lang='lat' dir='ltr'>et</span> <span class='ocrx_word' id='word_1_78' title='bbox 498 1729 624 1813; x_wconf 85' lang='lat' dir='ltr'>grandis</span> <span class='ocrx_word' id='word_1_79' title='bbox 640 1733 788 1793; x_wconf 90' lang='lat' dir='ltr'>ooturnus</span> <span class='ocrx_word' id='word_1_80' title='bbox 802 1727 835 1792; x_wconf 93' lang='lat' dir='ltr'>in</span> <span class='ocrx_word' id='word_1_81' title='bbox 848 1727 1024 1811; x_wconf 87' lang='lat' dir='ltr'>eloquentia</span> <span class='ocrx_word' id='word_1_82' title='bbox 1035 1727 1184 1793; x_wconf 89' lang='lat' dir='ltr'>simulare</span> <span class='ocrx_word' id='word_1_83' title='bbox 1199 1727 1399 1794; x_wconf 79' lang='lat' dir='ltr'>formidinem</span> 
     </span>
     <span class='ocr_line' id='line_1_13' title="bbox 276 1829 1398 1913; baseline -0.002 -18"><span class='ocrx_word' id='word_1_84' title='bbox 276 1829 327 1895; x_wconf 90' lang='lat' dir='ltr'>uel</span> <span class='ocrx_word' id='word_1_85' title='bbox 350 1847 476 1895; x_wconf 84' lang='lat' dir='ltr'>examen</span> <span class='ocrx_word' id='word_1_86' title='bbox 498 1835 636 1896; x_wconf 89' lang='lat' dir='ltr'>metuere</span> <span class='ocrx_word' id='word_1_87' title='bbox 659 1830 697 1895; x_wconf 90' lang='lat' dir='ltr'>de</span> <span class='ocrx_word' id='word_1_88' title='bbox 719 1830 810 1896; x_wconf 85' lang='lat' dir='ltr'>laude</span> <span class='ocrx_word' id='word_1_89' title='bbox 833 1849 986 1895; x_wconf 86' lang='lat' dir='ltr'>securum.</span> <span class='ocrx_word' id='word_1_90' title='bbox 1023 1848 1080 1913; x_wconf 85' lang='lat' dir='ltr'>ego</span> <span class='ocrx_word' id='word_1_91' title='bbox 1101 1846 1176 1895; x_wconf 90' lang='lat' dir='ltr'>uero</span> <span class='ocrx_word' id='word_1_92' title='bbox 1198 1829 1398 1912; x_wconf 76' lang='lat' dir='ltr'>diligentiam</span> 
     </span>
     <span class='ocr_line' id='line_1_14' title="bbox 275 1931 1397 2018; baseline -0.002 -22"><span class='ocrx_word' id='word_1_93' title='bbox 275 1932 432 2016; x_wconf 89' lang='lat' dir='ltr'>proposito</span> <span class='ocrx_word' id='word_1_94' title='bbox 454 1933 667 2017; x_wconf 88' lang='lat' dir='ltr'>inpenderem,</span> <span class='ocrx_word' id='word_1_95' title='bbox 695 1934 721 1997; x_wconf 89' lang='lat' dir='ltr'>si</span> <span class='ocrx_word' id='word_1_96' title='bbox 745 1933 888 2018; x_wconf 88' lang='lat' dir='ltr'>sanguini</span> <span class='ocrx_word' id='word_1_97' title='bbox 909 1952 970 1998; x_wconf 94' lang='lat' dir='ltr'>non</span> <span class='ocrx_word' id='word_1_98' title='bbox 994 1931 1148 1999; x_wconf 88' lang='lat' dir='ltr'>deberem.</span> <span class='ocrx_word' id='word_1_99' title='bbox 1188 1933 1309 2014; x_wconf 75' lang='lat' dir='ltr'>suscepi</span> <span class='ocrx_word' id='word_1_100' title='bbox 1330 1931 1397 2014; x_wconf 90' lang='lat' dir='ltr'>epi-</span> 
     </span>
    </p>

    <p class='ocr_par' dir='ltr' id='par_1_5' title="bbox 241 2035 1429 3250">
     <span class='ocr_line' id='line_1_15' title="bbox 241 2035 1397 2120; baseline -0.002 -20"><span class='ocrx_word' id='word_1_101' title='bbox 241 2117 243 2120; x_wconf 21' lang='lat'>·</span> <span class='ocrx_word' id='word_1_102' title='bbox 276 2035 391 2102; x_wconf 89' lang='lat' dir='ltr'>stulam</span> <span class='ocrx_word' id='word_1_103' title='bbox 420 2037 507 2100; x_wconf 89' lang='lat' dir='ltr'>tuam</span> <span class='ocrx_word' id='word_1_104' title='bbox 530 2035 669 2101; x_wconf 87' lang='lat' dir='ltr'>Romana</span> <span class='ocrx_word' id='word_1_105' title='bbox 698 2035 769 2102; x_wconf 90' lang='lat' dir='ltr'>dote</span> <span class='ocrx_word' id='word_1_106' title='bbox 792 2035 979 2120; x_wconf 81' lang='lat' dir='ltr'>locupletem</span> <span class='ocrx_word' id='word_1_107' title='bbox 1001 2041 1031 2102; x_wconf 90' lang='lat' dir='ltr'>et</span> <span class='ocrx_word' id='word_1_108' title='bbox 1053 2037 1163 2102; x_wconf 89' lang='lat' dir='ltr'>stilum</span> <span class='ocrx_word' id='word_1_109' title='bbox 1183 2036 1341 2101; x_wconf 74' lang='lat' dir='ltr'>Latiarem</span> <span class='ocrx_word' id='word_1_110' title='bbox 1364 2037 1397 2100; x_wconf 94' lang='lat' dir='ltr'>in</span> 
     </span>
     <span class='ocr_line' id='line_1_16' title="bbox 276 2139 1429 2222; baseline -0.003 -19"><span class='ocrx_word' id='word_1_111' title='bbox 276 2140 344 2221; x_wconf 90' lang='lat' dir='ltr'>ipsa</span> <span class='ocrx_word' id='word_1_112' title='bbox 364 2139 587 2222; x_wconf 75' lang='lat' dir='ltr'>principiorum</span> <span class='ocrx_word' id='word_1_113' title='bbox 605 2142 674 2205; x_wconf 88' lang='lat' dir='ltr'>luoe</span> <span class='ocrx_word' id='word_1_114' title='bbox 691 2142 932 2208; x_wconf 81' lang='lat' dir='ltr'>monstrantem:</span> <span class='ocrx_word' id='word_1_115' title='bbox 956 2142 1005 2206; x_wconf 91' lang='lat' dir='ltr'>oui</span> <span class='ocrx_word' id='word_1_116' title='bbox 1027 2159 1077 2206; x_wconf 92' lang='lat' dir='ltr'>me</span> <span class='ocrx_word' id='word_1_117' title='bbox 1098 2141 1282 2222; x_wconf 87' lang='lat' dir='ltr'>respondere</span> <span class='ocrx_word' id='word_1_118' title='bbox 1300 2155 1429 2220; x_wconf 82' lang='lat' dir='ltr'>eppo-n</span> 
     </span>
     <span class='ocr_line' id='line_1_17' title="bbox 275 2239 1396 2329; baseline -0.004 -21"><span class='ocrx_word' id='word_1_119' title='bbox 275 2246 366 2308; x_wconf 88' lang='lat' dir='ltr'>nente</span> <span class='ocrx_word' id='word_1_120' title='bbox 388 2259 497 2307; x_wconf 86' lang='lat' dir='ltr'>manus</span> <span class='ocrx_word' id='word_1_121' title='bbox 521 2243 643 2308; x_wconf 80' lang='lat' dir='ltr'>inscitia</span> <span class='ocrx_word' id='word_1_122' title='bbox 665 2243 767 2329; x_wconf 85' lang='lat' dir='ltr'>eoegit</span> <span class='ocrx_word' id='word_1_123' title='bbox 789 2243 923 2328; x_wconf 80' lang='lat' dir='ltr'>affectio,</span> <span class='ocrx_word' id='word_1_124' title='bbox 947 2264 1018 2310; x_wconf 85' lang='lat' dir='ltr'>eum</span> <span class='ocrx_word' id='word_1_125' title='bbox 1041 2245 1095 2310; x_wconf 90' lang='lat' dir='ltr'>diu</span> <span class='ocrx_word' id='word_1_126' title='bbox 1117 2248 1200 2309; x_wconf 89' lang='lat' dir='ltr'>osset</span> <span class='ocrx_word' id='word_1_127' title='bbox 1215 2242 1296 2328; x_wconf 89' lang='lat' dir='ltr'>quod</span> <span class='ocrx_word' id='word_1_128' title='bbox 1311 2239 1396 2305; x_wconf 88' lang='lat' dir='ltr'>anti·</span> 
     </span>
     <span class='ocr_line' id='line_1_18' title="bbox 275 2343 1394 2431; baseline -0.003 -21"><span class='ocrx_word' id='word_1_129' title='bbox 275 2348 424 2428; x_wconf 88' lang='lat' dir='ltr'>quauerat</span> <span class='ocrx_word' id='word_1_130' title='bbox 445 2345 526 2428; x_wconf 88' lang='lat' dir='ltr'>apud</span> <span class='ocrx_word' id='word_1_131' title='bbox 548 2364 598 2411; x_wconf 90' lang='lat' dir='ltr'>me</span> <span class='ocrx_word' id='word_1_132' title='bbox 620 2345 772 2412; x_wconf 82' lang='lat' dir='ltr'>scribendi</span> <span class='ocrx_word' id='word_1_133' title='bbox 795 2346 935 2411; x_wconf 89' lang='lat' dir='ltr'>studium</span> <span class='ocrx_word' id='word_1_134' title='bbox 957 2365 1026 2431; x_wconf 90' lang='lat' dir='ltr'>spes</span> <span class='ocrx_word' id='word_1_135' title='bbox 1048 2348 1171 2412; x_wconf 89' lang='lat' dir='ltr'>taoondi</span> <span class='ocrx_word' id='word_1_136' title='bbox 1194 2349 1227 2410; x_wconf 90' lang='lat' dir='ltr'>et</span> <span class='ocrx_word' id='word_1_137' title='bbox 1241 2346 1274 2409; x_wconf 95' lang='lat' dir='ltr'>in</span> <span class='ocrx_word' id='word_1_138' title='bbox 1289 2343 1394 2409; x_wconf 89' lang='lat' dir='ltr'>looum</span> 
     </span>
     <span class='ocr_line' id='line_1_19' title="bbox 276 2447 1394 2534; baseline -0.003 -21"><span class='ocrx_word' id='word_1_139' title='bbox 276 2449 394 2533; x_wconf 84' lang='lat' dir='ltr'>gloriae</span> <span class='ocrx_word' id='word_1_140' title='bbox 416 2447 575 2514; x_wconf 88' lang='lat' dir='ltr'>silentium</span> <span class='ocrx_word' id='word_1_141' title='bbox 598 2449 797 2532; x_wconf 88' lang='lat' dir='ltr'>oonputabat.</span> <span class='ocrx_word' id='word_1_142' title='bbox 821 2450 875 2515; x_wconf 89' lang='lat' dir='ltr'>sed</span> <span class='ocrx_word' id='word_1_143' title='bbox 898 2449 960 2514; x_wconf 91' lang='lat' dir='ltr'>nisi</span> <span class='ocrx_word' id='word_1_144' title='bbox 990 2450 1228 2534; x_wconf 73' lang='lat' dir='ltr'>respondissem,</span> <span class='ocrx_word' id='word_1_145' title='bbox 1258 2447 1394 2512; x_wconf 87' lang='lat' dir='ltr'>nesoires</span> 
     </span>
     <span class='ocr_line' id='line_1_20' title="bbox 274 2549 1393 2635; baseline -0.002 -20"><span class='ocrx_word' id='word_1_146' title='bbox 274 2555 305 2615; x_wconf 93' lang='lat' dir='ltr'>te</span> <span class='ocrx_word' id='word_1_147' title='bbox 335 2567 399 2616; x_wconf 87' lang='lat' dir='ltr'>osse</span> <span class='ocrx_word' id='word_1_148' title='bbox 427 2552 667 2633; x_wconf 88' lang='lat' dir='ltr'>deprehensum,</span> <span class='ocrx_word' id='word_1_149' title='bbox 696 2553 779 2635; x_wconf 89' lang='lat' dir='ltr'>quod</span> <span class='ocrx_word' id='word_1_150' title='bbox 806 2551 909 2617; x_wconf 90' lang='lat' dir='ltr'>miuus</span> <span class='ocrx_word' id='word_1_151' title='bbox 937 2551 1097 2619; x_wconf 79' lang='lat' dir='ltr'>fabricatis</span> <span class='ocrx_word' id='word_1_152' title='bbox 1123 2551 1257 2635; x_wconf 83' lang='lat' dir='ltr'>ingeniis</span> <span class='ocrx_word' id='word_1_153' title='bbox 1280 2549 1393 2616; x_wconf 80' lang='lat' dir='ltr'>artifici</span> 
     </span>
     <span class='ocr_line' id='line_1_21' title="bbox 273 2653 1427 2736; baseline -0.001 -20"><span class='ocrx_word' id='word_1_154' title='bbox 273 2653 418 2718; x_wconf 80' lang='lat' dir='ltr'>facundia</span> <span class='ocrx_word' id='word_1_155' title='bbox 441 2658 472 2718; x_wconf 91' lang='lat' dir='ltr'>et</span> <span class='ocrx_word' id='word_1_156' title='bbox 494 2653 563 2718; x_wconf 83' lang='lat' dir='ltr'>fuco</span> <span class='ocrx_word' id='word_1_157' title='bbox 586 2653 755 2720; x_wconf 87' lang='lat' dir='ltr'>Romuleae</span> <span class='ocrx_word' id='word_1_158' title='bbox 777 2654 958 2720; x_wconf 84' lang='lat' dir='ltr'>ealliditatis</span> <span class='ocrx_word' id='word_1_159' title='bbox 979 2654 1137 2721; x_wconf 86' lang='lat' dir='ltr'>inlusoris.</span> <span class='ocrx_word' id='word_1_160' title='bbox 1160 2673 1221 2720; x_wconf 92' lang='lat' dir='ltr'>non</span> <span class='ocrx_word' id='word_1_161' title='bbox 1243 2655 1427 2736; x_wconf 80' lang='lat' dir='ltr'>usqueadeo</span> 
     </span>
     <span class='ocr_line' id='line_1_22' title="bbox 273 2755 1391 2839; baseline 0 -19"><span class='ocrx_word' id='word_1_162' title='bbox 273 2756 440 2822; x_wconf 70' lang='lat' dir='ltr'>meandum</span> <span class='ocrx_word' id='word_1_163' title='bbox 474 2756 574 2821; x_wconf 89' lang='lat' dir='ltr'>uirtus</span> <span class='ocrx_word' id='word_1_164' title='bbox 607 2757 655 2821; x_wconf 88' lang='lat' dir='ltr'>est</span> <span class='ocrx_word' id='word_1_165' title='bbox 687 2755 804 2839; x_wconf 87' lang='lat' dir='ltr'>politae</span> <span class='ocrx_word' id='word_1_166' title='bbox 835 2755 973 2822; x_wconf 86' lang='lat' dir='ltr'>laminae</span> <span class='ocrx_word' id='word_1_167' title='bbox 1006 2761 1036 2822; x_wconf 91' lang='lat' dir='ltr'>et</span> <span class='ocrx_word' id='word_1_168' title='bbox 1059 2759 1135 2836; x_wconf 88' lang='lat' dir='ltr'>eius,</span> <span class='ocrx_word' id='word_1_169' title='bbox 1164 2773 1258 2839; x_wconf 85' lang='lat' dir='ltr'>quem</span> <span class='ocrx_word' id='word_1_170' title='bbox 1282 2756 1391 2839; x_wconf 84' lang='lat' dir='ltr'>rubigo</span> 
     </span>
     <span class='ocr_line' id='line_1_23' title="bbox 273 2858 1389 2943; baseline 0 -20"><span class='ocrx_word' id='word_1_171' title='bbox 273 2858 453 2941; x_wconf 80' lang='lat' dir='ltr'>possederit,</span> <span class='ocrx_word' id='word_1_172' title='bbox 470 2877 525 2924; x_wconf 88' lang='lat' dir='ltr'>noo</span> <span class='ocrx_word' id='word_1_173' title='bbox 540 2875 646 2942; x_wconf 89' lang='lat' dir='ltr'>parem</span> <span class='ocrx_word' id='word_1_174' title='bbox 661 2859 842 2924; x_wconf 88' lang='lat' dir='ltr'>oonfliotum</span> <span class='ocrx_word' id='word_1_175' title='bbox 856 2876 931 2925; x_wconf 89' lang='lat' dir='ltr'>usus</span> <span class='ocrx_word' id='word_1_176' title='bbox 947 2861 1049 2943; x_wconf 89' lang='lat' dir='ltr'>potest</span> <span class='ocrx_word' id='word_1_177' title='bbox 1061 2859 1094 2926; x_wconf 89' lang='lat' dir='ltr'>et</span> <span class='ocrx_word' id='word_1_178' title='bbox 1103 2862 1209 2942; x_wconf 88' lang='lat' dir='ltr'>torpor</span> <span class='ocrx_word' id='word_1_179' title='bbox 1221 2859 1389 2925; x_wconf 89' lang='lat' dir='ltr'>adsumere.</span> 
     </span>
     <span class='ocr_line' id='line_1_24' title="bbox 274 2959 1388 3042; baseline -0.001 -17"><span class='ocrx_word' id='word_1_180' title='bbox 274 2979 354 3026; x_wconf 87' lang='lat' dir='ltr'>nuno</span> <span class='ocrx_word' id='word_1_181' title='bbox 376 2959 526 3042; x_wconf 89' lang='lat' dir='ltr'>epistulae</span> <span class='ocrx_word' id='word_1_182' title='bbox 548 2959 700 3026; x_wconf 87' lang='lat' dir='ltr'>breuitate</span> <span class='ocrx_word' id='word_1_183' title='bbox 731 2962 893 3027; x_wconf 78' lang='lat' dir='ltr'>contentus</span> <span class='ocrx_word' id='word_1_184' title='bbox 921 2959 960 3027; x_wconf 85' lang='lat' dir='ltr'>sd</span> <span class='ocrx_word' id='word_1_185' title='bbox 987 2962 1184 3029; x_wconf 87' lang='lat' dir='ltr'>salutationis</span> <span class='ocrx_word' id='word_1_186' title='bbox 1215 2961 1319 3028; x_wconf 81' lang='lat' dir='ltr'>debite</span> <span class='ocrx_word' id='word_1_187' title='bbox 1341 2979 1388 3026; x_wconf 90' lang='lat' dir='ltr'>me</span> 
     </span>
     <span class='ocr_line' id='line_1_25' title="bbox 274 3061 1386 3149; baseline 0 -21"><span class='ocrx_word' id='word_1_188' title='bbox 274 3065 428 3140; x_wconf 79' lang='lat' dir='ltr'>conuerte,</span> <span class='ocrx_word' id='word_1_189' title='bbox 451 3063 531 3144; x_wconf 87' lang='lat' dir='ltr'>quod</span> <span class='ocrx_word' id='word_1_190' title='bbox 553 3061 673 3143; x_wconf 90' lang='lat' dir='ltr'>eloquio</span> <span class='ocrx_word' id='word_1_191' title='bbox 698 3080 762 3128; x_wconf 91' lang='lat' dir='ltr'>non</span> <span class='ocrx_word' id='word_1_192' title='bbox 783 3065 880 3145; x_wconf 80' lang='lat' dir='ltr'>potui,</span> <span class='ocrx_word' id='word_1_193' title='bbox 904 3065 1006 3149; x_wconf 79' lang='lat' dir='ltr'>gratia</span> <span class='ocrx_word' id='word_1_194' title='bbox 1027 3067 1222 3148; x_wconf 84' lang='lat' dir='ltr'>pensaturus,</span> <span class='ocrx_word' id='word_1_195' title='bbox 1237 3063 1386 3130; x_wconf 88' lang='lat' dir='ltr'>reddendo</span> 
     </span>
     <span class='ocr_line' id='line_1_26' title="bbox 275 3163 1422 3250; baseline 0 -20"><span class='ocrx_word' id='word_1_196' title='bbox 275 3163 448 3231; x_wconf 87' lang='lat' dir='ltr'>amioitiam</span> <span class='ocrx_word' id='word_1_197' title='bbox 469 3181 524 3248; x_wconf 93' lang='lat' dir='ltr'>pro</span> <span class='ocrx_word' id='word_1_198' title='bbox 546 3163 702 3230; x_wconf 87' lang='lat' dir='ltr'>schemate</span> <span class='ocrx_word' id='word_1_199' title='bbox 724 3167 758 3231; x_wconf 91' lang='lat' dir='ltr'>et</span> <span class='ocrx_word' id='word_1_200' title='bbox 784 3183 898 3250; x_wconf 88' lang='lat' dir='ltr'>pompa</span> <span class='ocrx_word' id='word_1_201' title='bbox 920 3185 1107 3234; x_wconf 88' lang='lat' dir='ltr'>sermonum.</span> <span class='ocrx_word' id='word_1_202' title='bbox 1144 3185 1214 3232; x_wconf 85' lang='lat' dir='ltr'>enee</span> <span class='ocrx_word' id='word_1_203' title='bbox 1241 3166 1422 3248; x_wconf 72' lang='lat' dir='ltr'>quantumst</span> 
     </span>
    </p>
   </div>
   <div class='ocr_carea' id='block_1_5' title="bbox 272 3435 1385 3580">
    <p class='ocr_par' dir='ltr' id='par_1_6' title="bbox 272 3435 1385 3580">
     <span class='ocr_line' id='line_1_27' title="bbox 324 3435 1385 3506; baseline 0.004 -17"><span class='ocrx_word' id='word_1_204' title='bbox 324 3435 337 3489; x_wconf 93' lang='lat'>1</span> <span class='ocrx_word' id='word_1_205' title='bbox 366 3435 491 3505; x_wconf 84' lang='lat' dir='ltr'>anniplti]</span> <span class='ocrx_word' id='word_1_206' title='bbox 513 3436 656 3505; x_wconf 77' lang='lat' dir='ltr'>arripienti</span> <span class='ocrx_word' id='word_1_207' title='bbox 679 3438 706 3492; x_wconf 82' lang='lat' dir='ltr'><strong><em>L</em></strong></span> <span class='ocrx_word' id='word_1_208' title='bbox 810 3441 827 3492; x_wconf 90' lang='lat'>2</span> <span class='ocrx_word' id='word_1_209' title='bbox 852 3438 1008 3494; x_wconf 88' lang='lat' dir='ltr'>soribtionis</span> <span class='ocrx_word' id='word_1_210' title='bbox 1031 3441 1058 3493; x_wconf 93' lang='grc' dir='ltr'><strong><em>Β</em></strong></span> <span class='ocrx_word' id='word_1_211' title='bbox 1159 3440 1178 3492; x_wconf 82' lang='grc'>4</span> <span class='ocrx_word' id='word_1_212' title='bbox 1202 3440 1240 3493; x_wconf 93' lang='lat' dir='ltr'>mi</span> <span class='ocrx_word' id='word_1_213' title='bbox 1261 3439 1297 3506; x_wconf 82' lang='grc' dir='ltr'>Τ,</span> <span class='ocrx_word' id='word_1_214' title='bbox 1324 3438 1385 3493; x_wconf 88' lang='lat' dir='ltr'>mihi</span> 
     </span>
     <span class='ocr_line' id='line_1_28' title="bbox 272 3519 750 3580; baseline 0.008 -4"><span class='ocrx_word' id='word_1_215' title='bbox 272 3519 360 3576; x_wconf 78' lang='lat' dir='ltr'>BLV</span> <span class='ocrx_word' id='word_1_216' title='bbox 457 3521 572 3576; x_wconf 66' lang='lat' dir='ltr'>uiuam</span> <span class='ocrx_word' id='word_1_217' title='bbox 591 3521 703 3578; x_wconf 83' lang='lat' dir='ltr'>offusam</span> <span class='ocrx_word' id='word_1_218' title='bbox 724 3527 750 3580; x_wconf 81' lang='grc' dir='ltr'><em>Τ</em></span> 
     </span>
    </p>
   </div>
   <div class='ocr_carea' id='block_1_6' title="bbox 273 3641 1385 3954">
    <p class='ocr_par' dir='ltr' id='par_1_7' title="bbox 273 3641 1385 3954">
     <span class='ocr_line' id='line_1_29' title="bbox 322 3641 1384 3714; baseline 0.002 -18"><span class='ocrx_word' id='word_1_219' title='bbox 322 3641 380 3696; x_wconf 76' lang='lat' dir='ltr'>XV·</span> <span class='ocrx_word' id='word_1_220' title='bbox 409 3643 426 3696; x_wconf 85' lang='grc'>8</span> <span class='ocrx_word' id='word_1_221' title='bbox 438 3643 596 3714; x_wconf 77' lang='lat' dir='ltr'>arrogantis</span> <span class='ocrx_word' id='word_1_222' title='bbox 608 3644 718 3699; x_wconf 82' lang='lat' dir='ltr'><strong><em>LPTV</em></strong></span> <span class='ocrx_word' id='word_1_223' title='bbox 802 3644 834 3699; x_wconf 85' lang='lat'>12</span> <span class='ocrx_word' id='word_1_224' title='bbox 844 3645 903 3700; x_wconf 82' lang='lat' dir='ltr'>neri</span> <span class='ocrx_word' id='word_1_225' title='bbox 916 3645 943 3699; x_wconf 98' lang='grc' dir='ltr'><strong><em>Β</em></strong></span> <span class='ocrx_word' id='word_1_226' title='bbox 1029 3645 1062 3698; x_wconf 87' lang='grc'>13</span> <span class='ocrx_word' id='word_1_227' title='bbox 1073 3644 1211 3714; x_wconf 72' lang='lat' dir='ltr'>ssngmni·</span> <span class='ocrx_word' id='word_1_228' title='bbox 1229 3645 1254 3697; x_wconf 81' lang='lat' dir='ltr'><em>T</em></span> <span class='ocrx_word' id='word_1_229' title='bbox 1334 3643 1384 3713; x_wconf 87' lang='lat' dir='ltr'>epi·</span> 
     </span>
     <span class='ocr_line' id='line_1_30' title="bbox 273 3737 1385 3833; baseline 0.002 -17"><span class='ocrx_word' id='word_1_230' title='bbox 273 3763 371 3816; x_wconf 73' lang='lat' dir='ltr'>sunm</span> <span class='ocrx_word' id='word_1_231' title='bbox 388 3763 473 3818; x_wconf 70' lang='lat' dir='ltr'>nra</span> <span class='ocrx_word' id='word_1_232' title='bbox 573 3765 606 3819; x_wconf 81' lang='lat'>14</span> <span class='ocrx_word' id='word_1_233' title='bbox 628 3764 754 3820; x_wconf 65' lang='lat' dir='ltr'>iurarem</span> <span class='ocrx_word' id='word_1_234' title='bbox 773 3765 826 3818; x_wconf 69' lang='grc' dir='ltr'>ιη’</span> <span class='ocrx_word' id='word_1_235' title='bbox 926 3765 958 3820; x_wconf 87' lang='lat' dir='ltr'>re</span> <span class='ocrx_word' id='word_1_236' title='bbox 979 3737 1104 3833; x_wconf 73' lang='lat' dir='ltr'>uesieu</span> <span class='ocrx_word' id='word_1_237' title='bbox 1124 3765 1150 3816; x_wconf 85' lang='lat' dir='ltr'>r</span> <span class='ocrx_word' id='word_1_238' title='bbox 1248 3764 1283 3818; x_wconf 84' lang='lat' dir='ltr'>rs</span> <span class='ocrx_word' id='word_1_239' title='bbox 1299 3777 1385 3832; x_wconf 72' lang='lat' dir='ltr'>eonpe</span> 
     </span>
     <span class='ocr_line' id='line_1_31' title="bbox 274 3857 1323 3954; baseline 0.003 -20"><span class='ocrx_word' id='word_1_240' title='bbox 274 3880 350 3936; x_wconf 79' lang='lat' dir='ltr'>tabat</span> <span class='ocrx_word' id='word_1_241' title='bbox 368 3881 404 3949; x_wconf 87' lang='grc' dir='ltr'>Β,</span> <span class='ocrx_word' id='word_1_242' title='bbox 423 3884 596 3954; x_wconf 81' lang='lat' dir='ltr'>computabat</span> <span class='ocrx_word' id='word_1_243' title='bbox 614 3881 698 3938; x_wconf 74' lang='grc' dir='ltr'>ΒΝ</span> <span class='ocrx_word' id='word_1_244' title='bbox 779 3857 881 3939; x_wconf 82' lang='lat' dir='ltr'>nesoire⁸</span> <span class='ocrx_word' id='word_1_245' title='bbox 900 3885 928 3938; x_wconf 77' lang='lat' dir='ltr'>L</span> <span class='ocrx_word' id='word_1_246' title='bbox 1022 3884 1055 3938; x_wconf 80' lang='lat' dir='ltr'>lo</span> <span class='ocrx_word' id='word_1_247' title='bbox 1071 3881 1278 3952; x_wconf 75' lang='lat' dir='ltr'>depraeheusum</span> <span class='ocrx_word' id='word_1_248' title='bbox 1295 3883 1323 3937; x_wconf 93' lang='grc' dir='ltr'><strong><em>Β</em></strong></span> 
     </span>
    </p>
   </div>
   <div class='ocr_carea' id='block_1_7' title="bbox 269 3977 1493 4340">
    <p class='ocr_par' dir='ltr' id='par_1_8' title="bbox 269 3977 1493 4340">
     <span class='ocr_line' id='line_1_32' title="bbox 271 3977 1327 4072; baseline 0.006 -20"><span class='ocrx_word' id='word_1_249' title='bbox 271 3999 305 4053; x_wconf 83' lang='grc'>20</span> <span class='ocrx_word' id='word_1_250' title='bbox 329 3999 390 4054; x_wconf 85' lang='lat' dir='ltr'>loeo</span> <span class='ocrx_word' id='word_1_251' title='bbox 413 3999 543 4069; x_wconf 67' lang='lat' dir='ltr'><strong><em>BFTV,</em></strong></span> <span class='ocrx_word' id='word_1_252' title='bbox 574 4017 636 4057; x_wconf 85' lang='lat' dir='ltr'>suro</span> <span class='ocrx_word' id='word_1_253' title='bbox 659 4001 699 4068; x_wconf 75' lang='lat' dir='ltr'>L,</span> <span class='ocrx_word' id='word_1_254' title='bbox 730 4017 807 4057; x_wconf 81' lang='lat' dir='ltr'>suero</span> <span class='ocrx_word' id='word_1_255' title='bbox 830 4003 886 4056; x_wconf 83' lang='lat' dir='ltr'>P¹t</span> <span class='ocrx_word' id='word_1_256' title='bbox 988 4003 1099 4056; x_wconf 83' lang='lat' dir='ltr'>romolae</span> <span class='ocrx_word' id='word_1_257' title='bbox 1122 4001 1150 4056; x_wconf 88' lang='lat' dir='ltr'>B</span> <span class='ocrx_word' id='word_1_258' title='bbox 1252 3977 1327 4072; x_wconf 55' lang='grc' dir='ltr'>«ΞΤ</span> 
     </span>
     <span class='ocr_line' id='line_1_33' title="bbox 270 4101 1493 4176; baseline 0.005 -20"><span class='ocrx_word' id='word_1_259' title='bbox 270 4101 301 4156; x_wconf 90' lang='grc'>21</span> <span class='ocrx_word' id='word_1_260' title='bbox 322 4102 466 4157; x_wconf 82' lang='lat' dir='ltr'>seeundum</span> <span class='ocrx_word' id='word_1_261' title='bbox 483 4104 510 4158; x_wconf 98' lang='grc' dir='ltr'><strong><em>Β</em></strong></span> <span class='ocrx_word' id='word_1_262' title='bbox 596 4105 740 4160; x_wconf 86' lang='lat' dir='ltr'>lamminae</span> <span class='ocrx_word' id='word_1_263' title='bbox 750 4105 819 4160; x_wconf 69' lang='grc' dir='ltr'>,ΒΥ</span> <span class='ocrx_word' id='word_1_264' title='bbox 908 4105 943 4160; x_wconf 87' lang='grc'>22</span> <span class='ocrx_word' id='word_1_265' title='bbox 960 4105 1103 4176; x_wconf 81' lang='lat' dir='ltr'>possiderit</span> <span class='ocrx_word' id='word_1_266' title='bbox 1119 4107 1148 4162; x_wconf 92' lang='grc' dir='ltr'><strong><em>Β</em></strong></span> <span class='ocrx_word' id='word_1_267' title='bbox 1240 4105 1275 4161; x_wconf 75' lang='grc'>23</span> <span class='ocrx_word' id='word_1_268' title='bbox 1292 4106 1384 4175; x_wconf 86' lang='lat' dir='ltr'>epistu-</span> <span class='ocrx_word' id='word_1_269' title='bbox 1492 4156 1493 4175; x_wconf 60' lang='grc'>,</span> 
     </span>
     <span class='ocr_line' id='line_1_34' title="bbox 270 4187 1383 4264; baseline 0.006 -22"><span class='ocrx_word' id='word_1_270' title='bbox 270 4187 311 4242; x_wconf 84' lang='lat' dir='ltr'>lae</span> <span class='ocrx_word' id='word_1_271' title='bbox 336 4188 373 4243; x_wconf 67' lang='lat'>1⁷¹</span> <span class='ocrx_word' id='word_1_272' title='bbox 400 4204 418 4243; x_wconf 86' lang='lat' dir='ltr'>u</span> <span class='ocrx_word' id='word_1_273' title='bbox 443 4191 475 4243; x_wconf 77' lang='lat' dir='ltr'>ia</span> <span class='ocrx_word' id='word_1_274' title='bbox 499 4207 515 4244; x_wconf 93' lang='lat' dir='ltr'>o</span> <span class='ocrx_word' id='word_1_275' title='bbox 536 4206 607 4246; x_wconf 76' lang='lat' dir='ltr'>sorr.</span> <span class='ocrx_word' id='word_1_276' title='bbox 629 4207 668 4260; x_wconf 56' lang='lat' dir='ltr'>m„</span> <span class='ocrx_word' id='word_1_277' title='bbox 687 4197 716 4257; x_wconf 87' lang='lat'>1,</span> <span class='ocrx_word' id='word_1_278' title='bbox 743 4191 870 4259; x_wconf 71' lang='lat' dir='ltr'>epistolas</span> <span class='ocrx_word' id='word_1_279' title='bbox 895 4191 952 4248; x_wconf 79' lang='grc' dir='ltr'>Μ’</span> <span class='ocrx_word' id='word_1_280' title='bbox 1050 4195 1085 4252; x_wconf 69' lang='lat' dir='ltr'>‘dd</span> <span class='ocrx_word' id='word_1_281' title='bbox 1109 4193 1185 4264; x_wconf 90' lang='lat' dir='ltr'>potui</span> <span class='ocrx_word' id='word_1_282' title='bbox 1208 4192 1316 4256; x_wconf 76' lang='lat' dir='ltr'>BPrt,</span> <span class='ocrx_word' id='word_1_283' title='bbox 1343 4209 1383 4262; x_wconf 80' lang='lat' dir='ltr'>po·</span> 
     </span>
     <span class='ocr_line' id='line_1_35' title="bbox 269 4273 909 4340; baseline 0.009 -13"><span class='ocrx_word' id='word_1_284' title='bbox 269 4273 326 4330; x_wconf 89' lang='lat' dir='ltr'>tuit</span> <span class='ocrx_word' id='word_1_285' title='bbox 341 4273 399 4328; x_wconf 75' lang='lat' dir='ltr'>LV</span> <span class='ocrx_word' id='word_1_286' title='bbox 498 4275 531 4330; x_wconf 83' lang='lat'>25</span> <span class='ocrx_word' id='word_1_287' title='bbox 550 4280 664 4332; x_wconf 71' lang='lat' dir='ltr'>ommate</span> <span class='ocrx_word' id='word_1_288' title='bbox 682 4277 722 4340; x_wconf 89' lang='grc' dir='ltr'>Β,</span> <span class='ocrx_word' id='word_1_289' title='bbox 749 4279 863 4333; x_wconf 69' lang='lat' dir='ltr'>stamme</span> <span class='ocrx_word' id='word_1_290' title='bbox 884 4278 909 4332; x_wconf 85' lang='grc' dir='ltr'><em>Τ</em></span> 
     </span>
    </p>
   </div>
   <div class='ocr_carea' id='block_1_8' title="bbox 0 0 1500 4967">
    <p class='ocr_par' dir='ltr' id='par_1_9' title="bbox 0 0 1500 4967">
     <span class='ocr_line' id='line_1_36' title="bbox 0 0 1500 4967; baseline 0 2"><span class='ocrx_word' id='word_1_291' title='bbox 0 0 1500 4967; x_wconf 95' lang='lat' dir='ltr'> </span> 
     </span>
    </p>
   </div>
  </div>
 </body>
</html>
