2992 4967
307 311 371 377 544
666 306 783 378 Magni
799 303 929 359 Falinis
944 303 1076 359 Enuodi

349 496 608 565 Preseoutionem
629 513 742 575 meam,
766 513 860 577 qnam
883 512 957 560 uere
977 494 1129 561 rusticam
1151 494 1185 558 iu
1199 492 1351 560 Aratoris
1371 510 1430 557 uon

307 599 504 675 mandatione
537 599 697 677 contexui,
732 597 818 663 felici
849 599 977 664 tautum
1010 596 1123 664 dieunt
1155 594 1254 678 aliqui
1289 611 1431 678 personae

306 701 492 781 blanditam,
515 702 565 767 oui
580 700 722 767 fauorem
736 701 775 765 de
789 699 889 782 patris
904 700 1063 783 potestate
1078 699 1222 767 consiliat
1237 696 1432 765 dilectionem

306 805 442 873 mentita
468 804 653 871 necessitas:
689 805 723 869 iu
746 803 837 869 ouius
858 803 962 869 audis
988 801 1164 868 ministerio
1186 801 1272 867 uiuis
1296 802 1332 867 et
1353 818 1432 884 prse-

307 908 448 975 seutibus
471 910 599 973 tantum
621 907 777 990 seruiens,
805 904 1013 987 temporalem
1035 904 1183 971 exhibeat
1204 905 1320 989 lingua
1341 904 1458 969 muru-s

307 1012 418 1087 latum,
441 1026 519 1093 quae
543 1009 687 1093 quotiens
708 1010 743 1075 in
758 1010 936 1093 aliquorum
950 1012 1115 1092 praeeonio
1136 1009 1252 1075 innoba
1273 1008 1432 1073 uerborum

307 1112 497 1198 imaginibus
519 1112 619 1190 ludit,
644 1112 767 1177 fortiori
788 1114 892 1179 studio
916 1116 1102 1196 eouoeptnm
1124 1110 1241 1177 mantis
1264 1108 1432 1177 abseondit.

307 1234 541 1300 nonnumquam
570 1216 655 1281 enim
683 1215 784 1281 doetis
805 1215 921 1282 tribuit
942 1214 1036 1281 stilus
1063 1212 1303 1298 profundiorem
1325 1213 1434 1294 eogito

306 1320 429 1385 tionum
441 1320 606 1403 latebram,
621 1320 650 1385 si
665 1318 812 1385 duloibus
827 1338 919 1386 aures
935 1338 998 1385 uon
1011 1319 1089 1384 bene
1100 1318 1278 1385 merentum
1295 1315 1434 1381 fomontis

307 1421 466 1489 inlexerit.
487 1424 542 1487 sed
564 1422 800 1504 sequestrentur
823 1439 844 1487 a
865 1425 969 1489 nostro
992 1420 1072 1487 talia
1093 1421 1242 1487 instituta
1268 1418 1457 1503 propositus

308 1544 365 1593 uos
380 1530 412 1593 et
427 1525 508 1591 seira
522 1525 599 1592 boae
614 1525 762 1591 conuenit
776 1526 936 1591 etodiesa.
960 1524 1085 1593 nautius
1100 1526 1186 1591 enim
1199 1544 1220 1590 a
1232 1520 1434 1608 prudentibus

307 1632 384 1695 nota
404 1646 498 1712 qnam
520 1628 682 1713 inopinata
704 1629 880 1714 fugiuntur.
902 1628 982 1706 mibi
997 1628 1037 1695 ad
1051 1630 1247 1695 laudationes
1267 1627 1434 1693 amieorum

308 1730 371 1797 uisi
393 1748 479 1795 amor
496 1731 595 1797 uerba
610 1731 833 1812 transmiserit,
856 1750 935 1814 quae
950 1732 984 1797 in
1004 1730 1221 1814 penetralibus
1235 1728 1433 1797 eonscientiae

309 1832 440 1899 caritate
463 1834 617 1917 magistra
642 1834 820 1916 diotautur,
843 1834 927 1899 iuter
955 1833 1146 1900 relationum
1173 1834 1241 1899 uiae
1270 1833 1334 1899 sub
1362 1830 1433 1896 fasee

309 1937 446 2021 suseepti
467 1940 570 2019 operis
586 1938 755 2022 palpitabo.
779 1956 851 2021 ergo
869 1936 1001 2006 elassioo
1023 1954 1104 2017 meo,
1129 1936 1180 2003 oui
1197 1936 1364 2018 proprium
1376 1934 1454 1998 sinen

305 2039 418 2111 fraude
440 2032 574 2107 seruiuit
599 2041 779 2123 ingenium,
808 2040 928 2107 indiees
951 2040 1049 2107 animi
1071 2041 1135 2107 mei
1157 2039 1318 2107 diationes
1341 2034 1432 2107 attuli,

309 2142 383 2225 qnia
409 2142 476 2215 sine
505 2142 696 2227 adulationis
724 2144 908 2226 suspioione-
930 2146 979 2209 est
1011 2143 1095 2209 inter
1127 2145 1274 2226 aequales
1302 2135 1431 2209 amatia

309 2261 468 2329 personas,
484 2247 516 2311 et
527 2248 604 2311 tuno
618 2244 681 2311 fida
696 2246 885 2329 diligentum
900 2244 1062 2313 sinceritas
1079 2244 1281 2328 adprobatur,
1298 2242 1431 2328 quotiens

309 2365 370 2413 non
393 2346 480 2413 nouit
502 2366 521 2413 a
542 2349 699 2431 potestate
714 2348 798 2431 quod
812 2350 946 2415 metuas.
968 2348 1049 2415 mihi
1062 2349 1214 2415 olassious
1227 2366 1290 2415 non
1307 2348 1430 2413 meretur

309 2450 458 2535 imperiis,
482 2452 632 2535 quiequid
656 2470 718 2517 non
739 2453 863 2535 'ruponit
885 2452 1040 2536 obsequio.
1076 2452 1181 2529 farum
1202 2452 1313 2517 amen
1334 2444 1453 2529 adqui*

310 2550 385 2618 orbo
407 2552 590 2641 parentibus
612 2553 697 2621 fideli
719 2553 882 2637 auspieato
904 2556 1069 2638 gymnasia
1082 2554 1263 2621 litterarum
1276 2566 1430 2638 personam

310 2655 491 2741 religiosam
513 2656 659 2725 debuisse
681 2659 782 2741 magis
804 2658 901 2723 uerba
921 2659 1097 2739 praestare.
1126 2659 1235 2725 orbum
1256 2654 1429 2739 parentibus

310 2757 389 2836 dixi,
420 2760 471 2825 oui
492 2778 548 2841 per
576 2759 679 2826 felicia
701 2762 834 2826 naturae
862 2760 979 2825 damna
1006 2760 1181 2826 eommunis
1202 2764 1294 2843 pater
1316 2762 1348 2825 et
1376 2754 1429 2837 epi·

310 2878 421 2945 scopus
443 2862 546 2929 faetus
562 2864 611 2929 est
624 2865 778 2946 proprius.
794 2864 850 2929 ille
866 2862 1056 2929 afflictorum
1071 2862 1252 2941 consolatio,
1267 2861 1429 2927 ieiunorum

311 2964 411 3047 aione,
428 2982 592 3031 oaeoorum
609 2966 727 3050 ooulus,
743 2984 800 3048 pes
815 2966 1009 3043 claudorum,
1025 2969 1075 3031 tot
1085 2966 1213 3048 pietatis
1225 2982 1302 3030 suae
1312 2959 1452 3047 speoilt¹i

363 3236 553 3309 tooutexl-ui
576 3252 611 3292 ea
633 3236 771 3309 eontelxui
795 3236 822 3294 L
844 3252 917 3294 corr.
1033 3222 1115 3291 5tm
1138 3222 1228 3294 eata
1257 3236 1373 3291 Perat

311 3320 416 3376 exibeat
432 3320 494 3390 ΒΤ,
522 3318 628 3377 exhibet
646 3321 731 3380 Siros.
830 3322 961 3391 tingatis
977 3322 1013 3377 V¹
1111 3319 1372 3391 8nouuuuquamB

309 3406 514 3476 profundiorum
541 3406 632 3463 Siros.
745 3407 762 3461 9
788 3408 948 3463 morantium
975 3406 1058 3465 m
1148 3419 1153 3429 ·
1181 3406 1219 3462 10
1240 3403 1428 3476 aequabantur

308 3492 350 3548 p·
413 3508 425 3541 ,ι
450 3494 483 3547 12
500 3492 711 3571 ιιιᾱιιιιιιιιιι
815 3494 849 3548 1a
866 3492 1080 3563 mamone
1097 3490 1154 3549 rar
1251 3494 1285 3547 ιι
1302 3481 1426 3560 mesos]

310 3582 706 3684 mir-<arueram
807 3616 1064 3671 leonensem
1166 3614 1372 3686 puseus

311 3702 345 3757 16
361 3701 466 3757 iudaeos
485 3702 512 3756 B
597 3701 731 3765 dictionis
745 3701 774 3756 Β
860 3702 894 3757 11
906 3701 1055 3772 suspitione
1067 3702 1127 3759 Β17
1169 3704 1331 3773 aequalis
1346 3700 1372 3754 Β

311 3787 433 3844 amitinis
450 3803 563 3857 persona
581 3788 609 3843 L
679 3788 747 3842 18
764 3787 941 3858 diligentium
961 3789 987 3843 T
1088 3788 1149 3843 20
1140 3788 1254 3885 inperiis
1271 3787 1299 3883 Β
1393 3782 1427 3834 iu·

311 3891 393 3959 ponet
418 3875 449 3945 Β
550 3877 598 3989 fert
630 3892 657 3945 Β
765 3891 798 3945 21
825 3889 962 3958 fidelium
948 3896 1066 3957 snae)
1097 3892 1123 3947 V
1222 3873 1352 3961 &munais
1374 3879 1425 3941 Π

311 3976 449 4044 gemnasis
473 3975 514 4044 B,
544 3976 672 4047 ginnonis
697 3953 747 4030 Τ
824 3976 859 4033 22
881 3981 1017 4047 praestare
1037 3976 1079 4045 Β,
1106 3981 1276 4048 praesentare
1293 3974 1374 4033 MV

310 4058 457 4116 23121111
482 4057 508 4118 17
605 4066 704 4118 natura
726 4062 754 4119 L
855 4066 933 4134 pater
955 4068 984 4119 et
1006 4070 1032 4120 et
1055 4078 1126 4135 puae
1147 4070 1281 4120 semeber
1303 4074 1382 4131 espa
1394 4050 1424 4108 Μ

309 4146 1370 4218 fiamdiawnieoea.Bdttsreirfot8l¹etsolto81·totnunoei⁸

311 4233 347 4288 24
364 4233 514 4303 ριορίΙωιιι
531 4235 559 4290 Β
661 4236 839 4291 oonsolationi
857 4236 892 4292 P
995 4236 1156 4291 ieiuniorum
1174 4235 1212 4291 Ρ
