2992 4967
216 308 221 313 Ι
267 330 329 399 258
623 324 737 395 Magni
755 323 883 380 Felicia
900 322 1033 382 Ennodi

267 519 374 583 doceas
397 518 429 583 et
444 514 602 599 exemplis,
626 517 680 600 qui
701 517 740 581 ad
757 514 804 600 pii
819 514 941 581 itineris
957 514 1111 579 directum
1126 530 1247 595 semper
1261 514 1398 579 existens

265 620 410 704 praeuius
431 619 584 686 innitasti.
608 620 678 704 quis
700 636 761 685 non
783 619 871 701 optet
893 622 926 683 te
947 618 1105 700 loquente,
1128 619 1165 682 ut
1186 615 1268 682 solat
1289 614 1395 700 plura,

265 741 327 787 non
361 721 489 806 legeret
526 726 562 788 tu
595 723 673 789 (lum
700 720 791 788 libris
825 720 952 805 genium
985 718 1139 787 relatione
1172 718 1339 799 marilias,
1362 722 1397 783 et

265 825 433 909 magistros
469 824 638 893 informas:
674 824 734 890 tibi
770 824 865 891 <lebet
901 822 1087 907 quicumque
1123 823 1176 888 ille
1204 820 1396 906 seriptorum

266 930 428 1007 maximos,
452 928 534 1013 quod
557 932 628 994 eum
642 927 713 993 dote
728 927 910 993 elocutionis
928 923 1111 1008 amplifices.
1134 928 1168 991 in
1189 930 1221 991 te
1242 920 1297 990 lux
1319 942 1431 990 eon-s

265 1032 354 1096 uenit
376 1030 530 1097 sermonis
553 1033 585 1097 et
600 1030 710 1115 operis.
733 1028 814 1095 unde
829 1030 907 1095 haee
922 1031 1137 1114 praerogatiua
1151 1026 1393 1111 Transalpinis?

265 1133 348 1199 unde
370 1124 548 1217 parentibus
570 1137 647 1201 meis
669 1132 866 1217 inauspicata
887 1130 1083 1211 sublimitas,
1111 1132 1148 1197 ut
1169 1133 1267 1198 talem
1287 1132 1395 1196 uirum

264 1226 431 1305 miserint?
453 1238 507 1305 sed
530 1258 585 1304 our
606 1238 692 1308 inter
713 1240 836 1304 terrena
851 1236 1011 1321 quaeritur
1026 1256 1075 1303 res
1098 1234 1265 1303 eoelestis?
1287 1234 1394 1317 potnit

265 1360 337 1425 ergo
359 1343 430 1407 ante
451 1344 483 1407 te
505 1340 665 1426 quodlibet
685 1339 798 1426 palatii
819 1342 1020 1426 supersilium
1042 1358 1104 1406 non
1128 1340 1250 1407 iaoere?
1286 1337 1393 1423 potuit

264 1444 324 1511 tibi
357 1442 462 1543 cupita
495 1443 676 1512 subtrahere
710 1464 803 1529 quem
835 1444 991 1511 mitiorem
1025 1444 1137 1510 ouibus
1168 1442 1236 1508 sola
1268 1440 1430 1507 faoiunto

153 1596 157 1599 -
264 1552 367 1614 errata
389 1542 582 1633 pugnacem?
603 1548 699 1615 latius
720 1568 771 1615 me
794 1548 827 1613 et
840 1550 991 1615 meritum
1007 1551 1149 1613 uestrum
1164 1547 1256 1612 uooat
1271 1548 1304 1609 et
1320 1542 1393 1609 oili-

264 1652 380 1735 gentia,
403 1651 458 1716 sed
480 1650 704 1735 loqueoitatem
725 1668 829 1717 meam
850 1651 900 1718 lex
923 1651 1098 1733 epistolaris
1121 1649 1266 1715 includit.
1308 1646 1392 1731 qnod

263 1757 420 1838 superest,
446 1753 575 1841 benigni
602 1754 765 1825 seruitutis
794 1772 883 1819 meae
910 1772 1025 1819 munus
1048 1752 1182 1837 eooipite
1205 1754 1237 1817 et
1259 1769 1311 1815 me
1333 1748 1392 1815 ooo

263 1860 367 1922 nonno
398 1858 574 1923 orationum
601 1856 756 1941 suffragiis
778 1856 933 1935 intimate,
957 1857 1132 1939 frequentor
1161 1855 1199 1919 <ie
1229 1852 1289 1932 bis,
1313 1870 1392 1936 quae

263 1961 423 2027 nobiseum
446 1960 583 2045 aguntur
605 1958 656 2025 uel
679 1958 856 2037 autemut,
879 1958 1092 2026 informantes.
1122 1959 1271 2043 depreoor
1292 1956 1426 2021 etiamn

263 2067 299 2127 ut
322 2063 395 2147 quid
418 2062 500 2151 apud
522 2082 578 2129 uos
593 2063 784 2151 promouerit
799 2062 922 2129 Rustici
938 2061 1133 2154 subpliontiu
1156 2061 1220 2145 qui,
1236 2062 1391 2144 qnantum

263 2167 372 2247 audio,
400 2164 622 2233 fornicationes
650 2184 723 2232 snas
751 2166 876 2232 nomine
904 2166 1001 2231 uest't
1030 2182 1160 2231 uromm
1183 2165 1215 2230 et
1237 2160 1388 2229 uooabulo

263 2270 342 2355 legis
364 2272 457 2353 putat
480 2268 619 2337 excusari
640 2288 811 2355 posserem
834 2268 985 2352 oriminis,
1007 2266 1086 2333 mihi
1101 2266 1280 2334 manifestes
1295 2266 1390 2331 mini-

263 2373 359 2439 sterio
381 2372 571 2440 litterarum.

743 2558 910 2627 ΧΧΧΠΠ.
1398 2580 1426 2623 so

648 2714 833 2771 nnuonws
855 2711 1001 2769 nunno.

306 2835 367 2902 Vbi
390 2841 465 2903 sunt
487 2839 538 2920 qui
562 2837 670 2903 dieunt
691 2838 775 2902 inter
797 2834 996 2901 habitatione
1017 2835 1167 2901 diseretor
1189 2834 1389 2920 diligentiam

264 2958 325 3006 non
346 2939 459 3005 duram
481 2942 514 3005 et
535 2939 707 3006 alisationis
731 2940 869 3005 oalorem
884 2939 1041 3004 terraram
1056 2937 1206 3003 dinmione
1229 2941 1388 3022 tepeoorre

262 3060 320 3107 neo
342 3042 466 3126 longius
486 3045 652 3126 proaedere
672 3046 794 3109 mentes
808 3060 898 3127 porse
913 3060 1009 3125 qnam
1029 3036 1157 3107 oonloei
1178 3060 1250 3108 eoae
1272 3042 1386 3108 amaam

262 3144 326 3209 mei
347 3144 510 3226 planitudo
531 3143 685 3212 uolentia
704 3146 963 3229 sequestrationis
985 3145 1145 3212 emasmat
1173 3146 1206 3211 et
1229 3142 1426 3227 eonloqaiiao

262 3247 417 3315 medicina
438 3248 617 3333 languidior
631 3250 766 3333 eorporis
780 3249 905 3316 sedibus
922 3267 984 3313 non
998 3249 1134 3315 tenetur.
1159 3247 1254 3314 deum
1268 3251 1386 3327 tamem

261 3352 316 3433 qni
338 3338 419 3417 oir'oe
441 3370 496 3417 uos
510 3351 647 3435 respexit
658 3353 734 3417 uota
749 3352 865 3430 nostra,
889 3350 1044 3428 beneiioo,
1067 3351 1121 3433 qui
1137 3368 1192 3416 uos
1206 3368 1269 3417 non
1283 3350 1387 3415 solum

262 3453 371 3531 nobili,
405 3454 470 3532 sed,
503 3455 653 3538 quantum
689 3452 774 3523 fame
807 3455 942 3532 nuntiet,
981 3456 1091 3521 saneta
1122 3451 1261 3519 moribus
1293 3468 1387 3517 uxore

314 3710 484 3766 ldeeoasB
571 3710 727 3766 itenerieB
821 3699 969 3783 bqsudrt.
990 3710 1200 3781 Troiiam.
1296 3710 1391 3781 ipre-

262 3797 386 3868 roqatiua
401 3796 431 3851 B
524 3797 656 3867 iipalaoii
674 3796 709 3863 Β,
734 3798 829 3867 palato
846 3798 886 3854 Β
981 3798 1016 3852 10
1032 3797 1137 3869 cupitae
1156 3796 1183 3851 Β
1274 3796 1305 3851 ll
1325 3792 1391 3849 oni·

263 3883 382 3954 gentiam
401 3882 429 3936 Β
525 3882 559 3939 12
576 3883 630 3954 aod]
650 3886 679 3938 et
697 3884 725 3939 Β
819 3885 852 3940 13
865 3884 982 3955 δουίςαο
1003 3882 1039 3939 T¹
1135 3882 1168 3937 14
1185 3880 1284 3951 debis]
1300 3878 1392 3936 demis

262 3969 291 4024 Β
392 3968 426 4023 15
446 3968 569 4038 ‹lepreoor
585 3969 612 4024 Β
629 3986 651 4025 e.
669 3970 687 4025 l.
793 3970 827 4024 16
849 3968 993 4026 aublieatio
1016 3968 1044 4024 Β
1148 3967 1391 4026 illuminationis

262 4054 290 4109 Β
391 4055 483 4110 nrorio
500 4056 566 4123 fort.
667 4055 702 4110 18
716 4055 851 4111 erenmri
868 4054 897 4110 Β
927 4067 933 4081 ·
999 4055 1180 4112 manifestiis·
1197 4055 1226 4111 Β

313 4156 458 4219 xxm
492 4156 527 4213 22
549 4156 714 4214 habitationi
734 4158 775 4227 (ni
793 4174 827 4214 eu
844 4174 878 4213 no
894 4174 966 4216 eorr.
982 4158 1055 4229 aaa)
1076 4158 1105 4216 V
1201 4158 1238 4215 23
1259 4158 1390 4228 ηἰωπο

261 4244 289 4301 Β
391 4244 426 4301 24
443 4244 575 4316 prooidera
593 4244 622 4301 Β
722 4245 758 4301 28
775 4244 871 4301 mobili
889 4245 916 4302 L
