2992 4967
277 356 341 422 252
606 392 612 405 .
632 352 749 423 Magni
766 352 892 408 Felicia
909 352 1045 407 Ennodi

278 544 496 613 sollicitudinis
525 544 629 629 iungit
656 544 799 622 affectio,
816 544 845 609 ai
873 546 916 610 sit
938 562 1013 609 cura
1033 544 1194 610 sermonis.
1239 542 1406 609 silentium

278 651 384 714 tamen
406 650 546 713 uestrum
568 646 663 715 nimis
684 646 839 725 admmor,
872 648 956 730 qnod
983 650 1057 729 post
1084 646 1241 730 depositae
1261 646 1405 711 sarcinas

278 750 485 835 aspritudiuis
500 750 589 823 cuba
602 768 653 818 me
666 750 864 819 adlocutione
873 749 1077 820 subleuaatis.
1092 750 1149 817 sed
1159 750 1234 832 quia
1246 749 1406 832 loquendo

276 857 448 938 opportune
461 852 611 942 cogimus,
627 858 665 919 ut
679 855 826 937 loquaris,
841 854 893 919 nel
902 854 1033 937 garruli,
1047 854 1226 920 imitatione
1238 851 1406 935 responde.

277 957 355 1025 bene
384 958 470 1023 enim
496 976 546 1023 res
572 956 719 1023 desiderii
744 958 780 1023 et
807 958 945 1041 poscitur
979 958 1011 1021 et
1038 956 1214 1039 inpetratur
1240 954 1440 1036 exempliss

276 1078 351 1144 ergo
372 1061 519 1127 honorem
551 1059 750 1127 salutationis
780 1059 952 1143 inpendens
978 1058 1082 1124 indico
1110 1078 1161 1124 me
1187 1058 1244 1125 dec
1266 1054 1406 1139 propitio

276 1166 340 1230 iam
363 1164 483 1243 umere,
516 1162 707 1245 subplicant,
741 1168 778 1227 ut
806 1162 926 1229 uicaria
952 1160 1032 1227 mibi
1060 1161 1129 1227 stili
1149 1160 1406 1244 promulgatione

276 1267 451 1335 benedicas.

812 1402 866 1467 v1.

669 1536 787 1593 ΒΒΑΤΟ
812 1536 1004 1594 nudemus.
1416 1548 1440 1587 re

321 1662 354 1727 Si
393 1660 576 1743 proferenda
609 1661 802 1743 temporibus
835 1664 873 1727 de
907 1659 1091 1725 eruditionis
1126 1676 1228 1723 messe
1265 1656 1401 1741 pectoris

278 1765 387 1831 horreo
416 1763 622 1841 condidisses,
651 1763 773 1829 ieiunae
810 1765 849 1830 ab
884 1763 1027 1847 epistolis
1060 1763 1124 1828 tuis
1158 1760 1406 1827 commeantium

279 1868 423 1933 dexterae
444 1884 506 1931 non
528 1866 681 1933 nenment
719 1867 774 1931 sed
797 1866 872 1949 quia
894 1866 1124 1951 neglegentiam
1147 1866 1181 1930 et
1202 1864 1404 1929 sterilitatem

277 1974 365 2037 tuem
386 1972 535 2037 sermonis
557 1970 661 2052 prodit
683 1970 889 2049 abstinentia,
918 1986 973 2034 nos
996 1987 1122 2035 necesse
1150 1970 1198 2033 sat
1221 1966 1339 2031 iterum
1362 1966 1403 2031 ad

276 2073 431 2139 culturam
463 2072 685 2139 admonitionis
718 2074 886 2155 adsurgere
919 2071 952 2137 et
984 2074 1075 2155 terga
1107 2072 1197 2137 iactis
1230 2068 1439 2135 infecundam

275 2176 447 2243 seminibus
481 2174 628 2241 recidiuis
657 2175 697 2241 ed
724 2174 900 2243 ubertatem
933 2173 1029 2244 sulcis
1061 2192 1201 2257 urguere.
1245 2173 1300 2237 ubi
1328 2174 1404 2236 sunt

274 2284 392 2347 monita
420 2297 498 2363 quae
533 2276 616 2361 apud
644 2280 675 2341 te
705 2278 869 2345 adserebas
898 2296 965 2344 esse
992 2276 1139 2343 uictura?
1183 2272 1237 2341 ubi
1259 2274 1402 2340 studium

275 2380 488 2465 conloquendi,
522 2398 577 2463 per
598 2383 679 2463 quod
702 2384 734 2447 et
750 2380 884 2446 scientie
902 2380 1036 2464 patescit
1053 2389 1084 2447 et
1100 2378 1239 2443 cantas?
1262 2377 1401 2443 clamant

274 2485 402 2551 silentia
423 2487 487 2563 tua,
510 2484 542 2549 te
565 2500 625 2548 ncn
647 2486 831 2550 adsecutum
859 2484 939 2567 quod
965 2483 1039 2548 boni
1061 2482 1193 2566 dignum
1214 2481 1314 2563 possit
1336 2498 1401 2547 esse

277 2587 399 2655 indicio.
423 2605 496 2653 nam
519 2587 600 2653 sient
621 2606 691 2652 rara
713 2587 829 2665 doctos,
852 2587 899 2653 ita
915 2587 1062 2653 continua
1078 2584 1183 2669 prodit
1197 2582 1438 2649 taciturnitates

275 2690 435 2773 inperitos.
472 2708 545 2773 ergo
575 2688 721 2755 erubesce
750 2692 781 2755 et
803 2688 930 2755 tandem
953 2688 1120 2771 aliqnando
1143 2706 1252 2769 rumpe
1273 2684 1402 2751 uincula

276 2798 307 2858 et
328 2781 551 2877 impedimenta
573 2810 760 2857 sermonum.
785 2793 911 2857 ostende
929 2812 1024 2875 qnam
1038 2791 1154 2870 naleas,
1178 2789 1308 2855 ostende
1324 2789 1400 2871 qnid

274 2896 475 2979 promoueris,
499 2896 527 2960 si
549 2899 657 2960 tamen
679 2898 710 2959 te
732 2896 819 2959 iuxta
840 2897 950 2959 uotum
978 2895 1120 2959 nostrum
1143 2892 1246 2976 gratia
1267 2909 1402 2974 superna

275 3015 335 3063 non
359 2999 483 3063 deserit.
506 3015 591 3061 nnne
613 2995 813 3061 salutationis
841 2996 990 3062 honorem
1017 2996 1125 3078 accipe
1148 2998 1180 3061 et
1212 2996 1300 3061 breui
1324 3011 1394 3058 con·

274 3100 383 3164 tennis
416 3100 550 3182 epistula
583 3116 715 3183 agnosco
748 3100 832 3183 patri
867 3102 922 3165 tuo
960 3116 1041 3182 quae
1072 3101 1166 3182 longa
1201 3098 1437 3180 conceptionem

276 3202 454 3267 reserentur
476 3202 571 3268 luisse
591 3202 751 3269 mandata.

323 3390 341 3442 4
365 3390 494 3457 oportune
517 3388 605 3455 ΜΨ,
629 3390 776 3457 oportunae
799 3388 840 3455 133
865 3390 998 3457 oportuna
1020 3389 1082 3455 Pb,
1107 3388 1250 3457 inportune
1265 3388 1333 3454 fort

273 3476 395 3543 loquaces
411 3473 439 3528 Β
530 3474 629 3543 garrmi
647 3474 675 3528 Β
701 3473 805 3544 garruli
823 3473 975 3527 imitatiom
991 3474 1077 3544 scalpo
1093 3474 1268 3543 contumescat
1359 3489 1400 3529 re·

273 3569 398 3665 sdeeB
500 3594 619 3665 5poscit
638 3594 665 3649 Β
768 3594 903 3649 lualeret
921 3594 948 3649 L
1055 3650 1059 3665 ,

323 3699 370 3755 VI.
408 3700 438 3756 11
458 3701 602 3771 peccatoris
619 3700 647 3755 Β
752 3701 784 3755 12
801 3698 964 3754 condedissis
983 3699 1011 3753 Β
1103 3698 1139 3753 ad
1158 3698 1186 3753 L
1290 3700 1322 3754 13
1340 3698 1401 3754 den·

273 3786 359 3839 terere
377 3785 404 3841 L
491 3785 595 3843 ueniret
611 3784 640 3839 Β
725 3785 923 3856 negligentiam
941 3785 968 3838 Β
1053 3786 1218 3841 etsttuam
1233 3801 1287 3839 coru
1304 3785 1333 3841 L

274 3906 307 3957 1c
324 3906 468 3960 siminibos
486 3906 514 3961 a
616 3922 712 3977 urgere
731 3907 814 3962 nau
915 3908 949 3961 le
965 3907 1081 3976 passa
1098 3908 1133 3970 a,
1151 3870 1274 3989 paret
1294 3905 1328 3969 v,
1354 3920 1401 3976 pa

273 4008 360 4059 meat
377 4006 421 4062 Pb
512 4010 545 4064 19
562 4010 635 4077 posit
651 4010 679 4064 Β
774 4009 809 4063 20
825 4006 924 4063 iuditio
942 4008 978 4075 B,
1005 4008 1105 4063 indicio
1122 4011 1191 4064 coni.
1205 4009 1333 4065 &uum

273 4093 404 4149 amutrara
422 4094 476 4160 (tra
493 4110 562 4151 corr.
580 4112 616 4151 eac
633 4095 704 4159 ticli
722 4094 750 4149 L
852 4093 945 4150 doetus
971 4096 1000 4149 Β
1101 4095 1135 4151 21
1161 4095 1280 4153 mubisae
1304 4096 1339 4155 Β.

273 4177 506 4237 22indimantaB
593 4196 674 4249 quam
686 4180 722 4245 Β,
745 4178 811 4249 quid
823 4180 949 4235 LPTVb
1034 4181 1070 4235 24
1085 4181 1196 4253 duent]
1215 4181 1285 4237 derit
1303 4182 1332 4236 Β

272 4263 306 4319 25
323 4266 481 4321 correctione
500 4265 526 4320 T
