2992 4967
285 360 352 426 416
646 356 762 427 Magni
779 355 910 411 Felicis
927 354 1057 413 Eubuli

285 550 470 633 respondere
491 548 591 633 pbssit
614 546 720 627 affatu,
744 547 940 614 unlt‘tamen
952 546 1060 614 diuino
1074 545 1224 630 mysterio
1237 545 1416 630 profectura,

285 650 365 734 quod
393 652 475 717 faula
503 654 563 718 est.
598 670 671 717 nam
699 669 771 717 omn
799 649 912 717 ceteris
939 649 1126 720 animalibus
1155 649 1307 718 hebetata
1335 650 1417 717 cali·

284 755 428 837 gantium
457 755 630 821 crassitudo
657 755 700 820 sit
727 772 893 835 rensuum,
923 756 1035 821 uomet
1061 752 1095 821 in
1122 754 1181 819 hoo
1207 751 1416 836 uspcsiucnc

283 856 439 922 dominica
471 856 634 925 bominum
665 857 790 923 faobrra
825 857 1049 940 mudrico,
1082 859 1163 939 quod
1190 856 1258 923 sola
1284 856 1415 925 uberius

282 965 388 1046 potest
407 962 524 1027 sentire
545 960 712 1027 lactorsme
736 980 818 1044 quae
839 961 944 1028 tamm
962 960 1083 1027 cernuis
1099 964 1148 1025 est
1161 959 1311 1027 metanda
1325 962 1414 1029 recte
1436 979 1450 1021 r

282 1064 463 1148 pecudibus,
487 1069 514 1133 si
535 1066 681 1132 caelestis
702 1066 814 1149 mnata
836 1067 974 1131 muneris
996 1066 1085 1133 uelut
1098 1063 1234 1148 elinguis
1255 1062 1414 1131 beneficia

282 1166 434 1234 diuinitus
467 1186 610 1236 concessa
642 1168 818 1236 concludat.
852 1187 924 1235 nam
953 1171 989 1235 ut
1015 1168 1152 1236 absoluit·
1173 1186 1193 1233 a
1214 1168 1345 1235 crimino
1378 1165 1413 1231 in

281 1270 471 1338 holocaustis
493 1272 633 1357 mysticis
654 1290 715 1337 non
735 1271 854 1337 habore
870 1270 953 1353 quod
967 1271 1087 1351 edens,
1109 1271 1158 1339 ita
1171 1269 1269 1354 digna
1281 1270 1408 1353 piaculo

279 1391 329 1440 rer
351 1379 409 1453 est,
431 1375 585 1442 offerenda
607 1374 799 1441 subtrahere.
821 1374 916 1457 parili
937 1394 1072 1458 namque
1092 1372 1209 1441 iudicio
1232 1372 1412 1441 censendus

280 1478 329 1543 est
360 1482 393 1543 ct
425 1478 479 1563 qni
514 1496 686 1562 numquam
722 1477 863 1561 loquitur
895 1497 951 1561 per
986 1482 1132 1545 naturam
1166 1482 1198 1543 et
1233 1477 1289 1561 qui
1324 1476 1444 1560 quodu

280 1580 419 1664 loquitur
444 1599 505 1648 non
534 1580 638 1647 reddit
665 1581 795 1647 auctori
831 1582 960 1659 idcirco,
988 1581 1113 1647 dominc
1142 1581 1292 1663 stupendi
1313 1580 1410 1645 huius

277 1685 378 1768 opifex
400 1684 557 1764 elementi,
581 1686 720 1769 aliquam
752 1687 810 1752 tibi
832 1703 852 1751 a
873 1686 962 1752 nobis
991 1684 1078 1751 reddi
1109 1684 1262 1751 credimus
1293 1684 1407 1750 humili

278 1788 489 1855 sauofactione
511 1788 715 1871 particulam,
737 1790 822 1872 quod
842 1790 946 1854 totum
967 1788 1182 1872 cognoscimus
1203 1806 1260 1853 noa
1282 1786 1407 1855 debere.

278 1894 347 1975 quis
369 1892 452 1956 enim
473 1892 552 1957 alius
573 1894 697 1976 practer
717 1897 750 1959 te
765 1894 874 1959 mundi
888 1893 1043 1961 fabricam
1057 1892 1276 1975 perpendiculo
1291 1908 1406 1974 repen·

277 1995 362 2059 tinae
383 1995 528 2060 iussionis
551 2000 691 2062 exactam
718 1996 814 2063 bifida
846 1996 1035 2063 auctoritate
1056 1996 1221 2075 solidabit,
1243 2013 1318 2061 oum
1338 1995 1439 2076 pri-c

277 2114 364 2163 mum
385 2100 542 2182 praecepti
563 2100 611 2163 tui
634 2099 785 2165 miraculo
813 2101 897 2165 terra
926 2101 1144 2184 coagularetur
1165 2099 1198 2165 in
1219 2098 1350 2182 pelagus
1371 2100 1404 2161 et

276 2201 418 2267 deductis
449 2202 562 2268 deinde
597 2221 746 2285 aquamm
781 2202 1024 2286 inpressiouibus
1057 2204 1115 2268 illa
1147 2203 1299 2287 naufraga
1331 2203 1404 2284 post

277 2306 402 2369 sitiret?
438 2306 525 2371 cuius
561 2308 657 2371 etiam
689 2306 751 2370 nisi
784 2310 857 2371 tuae
889 2305 1120 2391 inuestigabilis
1153 2305 1222 2373 fotu
1254 2305 1403 2371 iussionis

277 2409 421 2491 suscepta
442 2408 585 2493 germina
606 2410 808 2475 nutriuntur?
842 2409 897 2491 qui
918 2410 1053 2476 calorem
1074 2409 1178 2494 gignit
1200 2407 1325 2487 infusis,
1348 2410 1402 2491 qui

276 2530 417 2578 umorem
438 2510 539 2577 stillat
561 2512 743 2579 arentibus?
766 2514 819 2595 qui
841 2514 903 2577 nisi
925 2513 1000 2579 deus
1015 2516 1120 2579 noster
1133 2512 1281 2579 succidua
1294 2510 1434 2596 iungitur

274 2614 465 2698 temporibus
487 2620 637 2698 tempora,
659 2634 790 2699 quorum
808 2617 909 2680 terrae
925 2616 1008 2681 fetus
1024 2633 1108 2680 nunc
1123 2616 1195 2697 igne
1210 2615 1397 2693 fordemunt,

275 2738 357 2785 nuno
378 2719 475 2803 glacie
497 2721 718 2801 temperentur,
741 2736 825 2784 nnnc
846 2718 952 2801 tepore
974 2718 1162 2798 animentur,
1185 2735 1267 2783 nuuc
1288 2716 1398 2783 bibulo

274 2822 392 2906 liquore
425 2822 635 2906 consurgant?
668 2821 737 2903 quis
772 2822 847 2887 haec
881 2819 986 2886 omnia
1014 2820 1150 2887 etfacit
1177 2839 1213 2886 ex
1241 2820 1340 2887 nihilo
1370 2821 1401 2885 et

273 2942 328 3006 per
348 2923 427 2990 lucia
450 2924 577 2989 ianuam
598 2942 617 2988 a
639 2927 808 3006 perpetuae
838 2924 937 2989 noctis
959 2925 1052 2990 furna
1073 2924 1227 2990 densitate
1249 2923 1397 2991 discrerit

273 3028 408 3110 lecitque
429 3030 606 3110 perenniter
627 3026 787 3094 laudanda
808 3027 1008 3110 dispositione
1037 3027 1196 3111 piissimus
1224 3032 1296 3110 post
1318 3027 1429 3093 lucios

273 3128 447 3197 claritatem
468 3149 530 3197 uon
551 3129 669 3197 horreri
691 3129 840 3197 tenebras
862 3132 1054 3198 reuertentes
1084 3151 1140 3216 per
1162 3132 1284 3199 dierum
1307 3132 1395 3199 dies?

273 3232 340 3316 quis
369 3236 401 3299 te
432 3233 483 3299 uel
515 3233 627 3315 dignus
656 3236 711 3299 aut
739 3232 895 3299 facundus
925 3235 1071 3301 laudator
1098 3235 1272 3317 eloquitur,
1307 3236 1394 3302 cuius

323 3507 339 3559 1
356 3480 447 3561 mucio
468 3507 497 3573 r,
523 3506 824 3564 discurrentem
927 3510 1062 3578 proceros
1079 3510 1217 3565 ΒΒΒν
1316 3512 1393 3579 epo

155 3580 161 3591 '
271 3588 382 3646 cudibus
399 3591 428 3645 Β
517 3608 626 3646 munera
643 3592 686 3659 Vl,
715 3594 826 3648 luminis
844 3594 872 3649 P
886 3598 954 3649 Μ
970 3598 1003 3649 aba
1013 3612 1065 3666 oro.
1157 3596 1283 3652 benificia
1299 3597 1328 3651 Β

271 3692 426 3751 labeoluet
443 3694 470 3748 Β
569 3694 784 3752 8holochanstir
803 3696 831 3751 Β
933 3690 1153 3755 9censcndu'lr
1250 3702 1282 3755 11
1300 3700 1390 3756 reddet

270 3814 298 3868 Β
401 3818 487 3871 occo
506 3816 534 3871 u
637 3818 671 3873 14
690 3790 906 3906 mucoris
928 3819 956 3875 Β
1060 3822 1092 3877 15
1110 3820 1199 3875 secu
1213 3821 1255 3888 Β,
1282 3820 1387 3875 emon

274 3915 301 3971 V
401 3918 434 3973 16
456 3920 638 3989 coagularetur
660 3921 689 3974 Β
799 3922 831 3977 ll
853 3922 970 3977 diductis
992 3920 1058 3988 fort.
1158 3922 1381 3993 inprecationibus

270 4017 298 4072 Β
399 4004 454 4089 por·
477 4022 505 4076 Β
606 4024 639 4079 or
665 4028 752 4080 unsa
777 4026 843 4094 ns,
870 4030 944 4081 cm
969 4026 1078 4082 nuru
1183 4028 1272 4082 rocus
1297 4028 1326 4081 Β

269 4102 303 4157 22
324 4103 443 4160 *bibulo
467 4107 508 4175 (di
532 4112 614 4177 cros.)
640 4110 667 4165 L
768 4110 803 4167 23
825 4112 930 4181 liquore
951 4129 986 4168 ec
1009 4114 1117 4183 loquere
1138 4114 1167 4169 Β
1267 4130 1386 4184 comper·

269 4194 370 4261 gantur
397 4192 413 4247 b
520 4195 555 4251 25
578 4196 630 4251 nisi
654 4197 793 4265 piissimur
814 4199 880 4265 sort.
987 4201 1023 4257 at
1048 4204 1214 4257 muutcntea
1239 4203 1269 4268 b,
1305 4218 1386 4257 reuer-

269 4278 354 4332 tentis
371 4278 511 4335 BLPTV
609 4284 663 4353 per]
682 4300 730 4353 pro
747 4284 775 4338 Β
877 4286 944 4356 dico]
963 4289 1045 4344 acmes
1060 4288 1127 4355 sort.
