2992 4967
314 348 375 416 182
670 344 785 415 Magni
801 344 929 401 Felicis
946 344 1077 401 Enuedi

312 534 418 602 munia
436 534 644 619 frequentiam
666 536 885 613 commodetis,
907 534 940 600 in
961 552 1021 618 quo
1044 551 1134 618 opere
1155 534 1381 601 adsiduitatem
1403 536 1438 598 et

311 656 419 705 amans
443 638 568 704 exbibet
589 642 621 704 et
648 638 811 705 iucundus.

819 822 926 888 XIIII.

634 959 815 1016 nnnouws
839 958 1106 1016 ettenorumlt

353 1083 405 1149 Ita
425 1101 519 1166 supra
541 1082 716 1148 claritatem
731 1082 852 1165 generis
867 1100 989 1147 morum
1004 1083 1072 1149 lucc
1086 1080 1273 1165 profecistis,
1295 1086 1333 1147 ut
1354 1102 1431 1166 quos
1454 1108 1469 1149 s

311 1186 408 1251 etiam
434 1184 523 1251 uobis
550 1202 612 1250 non
640 1185 737 1250 nectit
759 1186 974 1268 propinquitas
1000 1188 1127 1252 omnum
1149 1188 1326 1251 uerborum
1349 1186 1433 1251 bona

311 1288 473 1354 subiciant.
517 1286 588 1369 quis
616 1288 698 1352 euim
719 1305 781 1354 non
802 1288 972 1369 perlectam
992 1290 1202 1354 reuerentiam
1228 1290 1272 1354 sit
1299 1291 1432 1371 parabus

311 1391 474 1473 inpendere
495 1391 619 1455 animae
640 1391 674 1455 iu
695 1390 746 1454 dei
768 1391 890 1456 cultura
911 1389 1062 1456 sublimi?
1083 1391 1156 1473 quia
1173 1392 1374 1474 peregrinum
1394 1410 1430 1455 se

310 1494 425 1561 facita
451 1491 653 1574 redemptoris
681 1493 785 1575 gratia
811 1494 866 1575 qui
893 1493 951 1558 deo
973 1510 1035 1558 uon
1056 1493 1185 1576 suspicit
1211 1493 1429 1577 obsequentes.

310 1597 459 1664 indicium
492 1597 575 1661 enim
608 1597 656 1660 est
690 1595 932 1663 conuersationis
964 1598 1148 1679 praecipuae
1176 1595 1294 1663 Christi
1327 1597 1465 1665 nostris·

311 1719 414 1770 amnne
436 1701 589 1766 cultores:
615 1698 774 1781 proximus
795 1701 844 1763 est
865 1699 1127 1767 emendatissimis
1153 1702 1208 1783 qui
1234 1700 1341 1784 diligit
1363 1701 1428 1767 iam

309 1805 470 1890 probatos:
485 1802 699 1868 testimouium
710 1803 766 1868 dat
780 1804 930 1869 bonorum
940 1802 1008 1867 sine
1023 1802 1216 1868 dubitatione
1230 1805 1429 1881 meritorum,

309 1910 337 1973 si
351 1907 477 1973 studeas
493 1905 637 1971 laudibus
652 1904 795 1989 prosequi
810 1906 868 1970 sub
883 1906 988 1972 debita
1009 1907 1240 1972 continuatione
1254 1906 1427 1989 periectos:

309 2010 347 2075 fit
363 2007 479 2074 muccis
495 2007 653 2091 proximus
667 2007 720 2090 qui
735 2008 769 2072 in
782 2007 847 2073 illis
861 2008 929 2072 sine
951 2008 1022 2075 luco
1037 2010 1196 2092 praedicat
1209 2011 1429 2074 muotitatem:

310 2129 532 2197 quemcumque
545 2110 708 2195 diligentia
722 2110 866 2177 hortante
880 2112 1073 2196 praetuleris,
1088 2112 1285 2195 dispendium
1300 2112 1432 2195 pudoris
1441 2138 1466 2179 rs

310 2218 368 2295 est,
389 2214 422 2280 ni
444 2215 591 2297 sequaris.
634 2213 703 2297 quis
725 2215 815 2281 salua
843 2216 1027 2281 uerecundia
1051 2234 1107 2299 per
1130 2218 1255 2299 spinosa
1281 2213 1432 2298 gradiens

308 2318 477 2402 prugatam
500 2318 560 2384 iter
581 2316 714 2383 adtollat
736 2319 770 2382 et
790 2318 875 2383 niem
896 2320 1009 2385 salutis
1029 2319 1183 2403 aspicieus
1213 2318 1309 2385 calles
1330 2318 1434 2402 eligat

309 2422 491 2487 noxiorum?
525 2419 675 2502 professio
697 2422 855 2488 caecitatis
877 2428 925 2488 est
947 2422 1027 2490 bona
1047 2425 1121 2489 ante
1142 2423 1247 2489 oculus
1268 2425 1302 2488 in
1324 2440 1431 2487 exem·

308 2525 396 2607 plum
417 2523 518 2589 locata
540 2541 684 2606 respuere
707 2529 739 2589 et
759 2524 840 2588 unde
862 2524 1036 2591 imitatione
1062 2526 1204 2608 proficias
1226 2544 1289 2591 non
1310 2526 1430 2590 tenere

308 2625 396 2705 baec,
418 2625 464 2691 mi
484 2626 625 2704 demina,
657 2626 696 2692 de
717 2628 750 2691 te
771 2644 830 2691 non
853 2627 979 2693 incertis
1001 2626 1086 2694 fama
1113 2627 1273 2695 nuntiauit
1294 2627 1470 2702 indiciis»

308 2747 370 2796 non
391 2728 502 2810 loquax
525 2728 641 2813 uulgus
664 2748 718 2811 per
732 2732 840 2813 ignara
861 2730 969 2796 iudicii
991 2749 1047 2796 ora
1062 2732 1204 2810 babuit,
1226 2732 1276 2797 cui
1297 2749 1367 2797 mos
1381 2733 1431 2796 est

308 2834 345 2897 de
365 2830 511 2897 humanis
533 2830 672 2910 actibus,
695 2834 771 2899 dum
792 2834 944 2898 scintillas
966 2835 998 2899 in
1020 2850 1110 2918 rogos
1132 2836 1266 2914 animat,
1291 2834 1431 2919 amplifi·

308 2938 393 3001 caus
420 2933 559 3001 fidelium
585 2934 727 2999 flammas
754 2936 943 3019 extinguere.
988 2936 1047 3001 boc
1074 2941 1250 3003 nestrorum
1279 2936 1431 3003 relatione

305 3036 566 3120 propinquorum,
599 3036 762 3120 praecipue
789 3038 895 3103 tamen
923 3039 1050 3105 domina
1076 3043 1110 3105 et
1141 3058 1245 3106 sorore
1273 3037 1431 3120 Ituprepia

361 3258 377 3311 1
395 3256 589 3313 adsiduatatem
608 3258 635 3313 B
739 3258 882 3313 texhibet
899 3261 939 3330 et]
956 3260 1087 3315 exorbitet
1101 3259 1152 3315 Bb

357 3360 432 3415 x1v.
462 3360 651 3417 turcotamiee
663 3362 769 3429 BLVb,
787 3362 990 3419 archotamieT
1081 3362 1314 3432 Sproieciatis(oa
1327 3364 1392 3427 roa)
1405 3362 1431 3421 b,

306 3446 448 3515 proficiatis
464 3447 500 3513 B,
528 3447 658 3516 proficitis
675 3447 762 3503 ΒΝ
851 3450 974 3506 tueatet
990 3448 1039 3505 Bb
1124 3452 1226 3505 aot-um
1244 3448 1271 3504 Β
1365 3448 1384 3502 8
1400 3448 1432 3502 iu

310 3532 336 3587 V
350 3549 371 3588 a.
390 3534 409 3587 l.
511 3532 528 3587 9
545 3548 574 3587 a·
592 3534 620 3601 (d
637 3536 718 3601 eras)
735 3534 765 3588 Β
867 3534 1026 3602 redemptori
1042 3535 1071 3588 Β
1173 3534 1291 3603 suspicet
1307 3534 1344 3603 B,
1370 3548 1430 3587 sus·

305 3618 373 3688 cipit
390 3618 445 3675 ΒΤ
549 3618 582 3674 10
604 3620 784 3675 concessionis
804 3622 831 3677 T
929 3620 1066 3689 praecipue
1087 3620 1141 3676 TV
1241 3620 1272 3674 ll
1294 3619 1431 3688 proximus

306 3702 367 3767 Be,
399 3702 525 3773 proximis
555 3702 613 3759 LV
727 3705 828 3775 diligat
853 3704 897 3769 1¹¹,
927 3704 1025 3775 diliget
1050 3706 1078 3761 Β
1200 3704 1232 3761 12
1259 3705 1307 3760 das
1336 3706 1363 3761 T

305 3789 338 3843 15
356 3804 534 3859 quaecumque
554 3788 602 3843 Bb
693 3793 802 3863 oriente
818 3790 952 3847 B'lT'V
1046 3792 1079 3847 16
1095 3793 1134 3862 ni]
1152 3807 1186 3846 ue
1203 3790 1260 3857 Bb,
1285 3792 1315 3844 in
1333 3790 1361 3846 Β

305 3874 460 3928 uemcondia
482 3875 517 3930 T·
620 3873 717 3943 pinosa
734 3876 762 3931 Β
866 3876 898 3931 l'l
915 3876 993 3930 callis
1010 3877 1039 3931 B
1142 3878 1176 3932 18
1191 3877 1316 3932 cecitatis
1331 3878 1362 3933 Β

305 3975 339 4030 19
357 3977 487 4045 respuere]
506 3976 633 4047 respicere
652 3977 733 4034 Sim.
844 3976 880 4031 20
900 3978 947 4047 mi]
970 3994 1029 4034 mea
1052 3980 1068 4035 b
1177 3980 1211 4035 21
1232 3954 1314 4053 uflgus
1332 3982 1361 4036 Β

305 4060 461 4131 ignorantia
479 4061 506 4117 Β
598 4063 739 4119 tideom.
752 4062 781 4119 Β
874 4064 1015 4120 scentellus
1033 4066 1061 4121 Β
1146 4082 1225 4137 rogos
1242 4068 1267 4133 b,
1292 4082 1375 4137 rogus
1390 4068 1428 4135 B,

305 4161 400 4216 rogum
430 4146 512 4204 ΜΨ
621 4151 771 4221 duplicatas
794 4150 825 4205 Β
942 4150 977 4206 24
1003 4154 1162 4239 pnecipuee
1189 4152 1218 4208 Β
1329 4152 1430 4210 donnus

305 4249 386 4307 Sirra
491 4254 630 4321 eupraepie
648 4253 704 4319 Bb,
731 4254 827 4325 suppia
843 4253 900 4311 ΒΤ
