2992 4967
277 311 344 384 468
640 313 755 384 Magni
772 310 900 368 neritis
921 311 1053 368 Ennodi

270 506 397 583 uitium,
421 503 503 587 quod
518 502 693 570 honestetis
708 502 828 585 tegitur
842 503 1038 568 indumento.
1065 493 1415 586 ieosssutpropositnrn

271 607 454 691 praestigiis
476 605 585 688 potius
608 599 831 686 quem'mente
847 607 1002 671 oonsture:
1025 606 1172 671 enermto
1194 604 1334 671 dolensio
1351 610 1415 684 est,

272 725 351 793 quse
381 709 460 774 nudi
490 709 619 774 honoris
647 709 760 773 nititur
787 705 867 772 nihil
895 708 1036 774 ueliture
1061 707 1252 774 testimonio.
1287 709 1326 772 ut
1355 725 1416 773 uo·

271 813 393 883 oestion
424 817 536 878 oontru
570 813 707 895 petriam
739 811 903 889 existeres,
938 812 1025 876 niem
1052 809 1112 876 tibi
1141 809 1272 877 oonsilio
1301 811 1415 876 nostre

270 916 472 1000 pepereruntr
505 933 562 981 nos
595 913 734 998 egimus,
765 915 805 979 ut
835 914 947 980 fortier
975 914 1092 990 hostis,
1126 914 1202 979 dum
1225 927 1448 998 propugno-s

271 1023 371 1084 torem
398 1019 598 1100 quaerimus,
628 1029 806 1101 oppeneres:
842 1035 902 1082 non
931 1017 1118 1083 sentiremus
1146 1031 1225 1100 ques
1253 1017 1415 1100 insegesti

271 1122 392 1205 petriee
405 1115 651 1186 inimisitiorum
666 1120 812 1202 pondere,
836 1119 897 1184 nisi
912 1119 1121 1202 sumpsissent
1135 1119 1175 1183 nir
1193 1119 1416 1186 emisitierum

271 1218 423 1308 religione
449 1223 653 1306 prinoipium.
687 1225 831 1288 externis·
853 1224 1038 1290 oduerseriis
1060 1225 1130 1289 sine
1149 1221 1254 1287 labore
1275 1239 1415 1304 oongre-

271 1329 390 1394 dimm:
412 1328 534 1392 inerme
555 1328 666 1409 peetus
687 1326 809 1395 inuenit
831 1326 886 1408 qni
900 1325 939 1390 de
961 1325 1083 1408 gratioe
1103 1325 1194 1408 fruge
1207 1323 1241 1388 in
1257 1323 1413 1390 effoetum

270 1430 448 1515 prorumpit
478 1429 616 1494 inimioi:
650 1427 771 1510 egimus
805 1428 940 1494 foederis
973 1433 1127 1512 temporo,
1161 1430 1200 1494 ut
1224 1427 1411 1512 generalem
1422 1455 1445 1493 o

271 1532 486 1600 aduersarium
520 1530 595 1615 quid
628 1533 778 1615 grnueret
807 1533 940 1613 petrium
970 1551 1032 1598 nou
1061 1533 1183 1598 lateret.
1219 1533 1278 1597 iste
1308 1533 1409 1601 enim,

271 1635 466 1718 oognitorum
489 1634 747 1717 splendidissimi,
772 1635 800 1698 si
823 1635 1039 1718 neglegentius
1061 1635 1096 1699 in
1111 1637 1252 1717 srreoepto
1273 1633 1408 1698 innotus

271 1739 374 1807 offioio
409 1758 464 1822 per
501 1739 601 1804 enimi
638 1737 778 1803 inedium
820 1738 974 1804 soeiorum
1018 1736 1189 1804 eommodis
1226 1736 1407 1814 institisset

272 1841 404 1926 ospitale
441 1842 614 1905 moreretur
651 1839 798 1904 exitium:
835 1840 927 1922 quale
964 1843 1013 1905 est
1046 1839 1226 1905 enuntiasse
1259 1839 1407 1905 hostibus

271 1945 396 2011 interne
417 1942 556 2032 petriee,
579 1961 634 2026 pro
657 1943 769 2028 quitus
792 1943 916 2026 segnius
939 1947 1075 2015 semesos
1098 1942 1297 2026 saerilegium
1319 1942 1441 2008 initiis

271 2046 384 2130 quibus
406 2047 481 2112 sunt
502 2047 655 2130 expiando
676 2044 854 2130 tortoribus,
878 2047 1002 2130 quondo
1016 2045 1097 2110 illud
1112 2044 1297 2127 perdideris,
1321 2047 1408 2128 quod

271 2148 359 2215 noles
388 2153 529 2216 estnon
560 2148 700 2214 iunusei
733 2147 859 2231 quentis
893 2148 1032 2213 oolorum
1065 2147 1271 2214 nemetetibus
1295 2151 1328 2212 et
1351 2169 1407 2214 ur·

271 2253 412 2324 beniteto
432 2252 522 2320 letsli
537 2251 578 2318 ed
595 2250 654 2316 lroo
669 2251 838 2334 perduetus
854 2251 1047 2334 aestimetur,
1070 2255 1107 2316 ut
1121 2249 1221 2336 legati
1235 2267 1405 2334 personum

270 2357 435 2438 poteretur
456 2354 603 2437 inplere?
631 2353 712 2423 solet
734 2353 851 2434 mutus,
876 2371 954 2438 quoe
975 2354 1085 2420 innete
1107 2371 1168 2420 non
1190 2353 1304 2432 tuerit,
1327 2369 1406 2420 oure

272 2463 305 2525 et
330 2458 534 2527 nutrimentis
568 2456 692 2524 institui
719 2461 753 2524 et
780 2455 913 2540 tenure
942 2459 976 2522 in
997 2457 1145 2524 effoetum
1179 2460 1260 2542 qood
1292 2456 1437 2524 seueriore

270 2560 373 2628 studio
402 2560 571 2629 felsitmis:
594 2578 660 2627 usu
687 2560 858 2628 honestetis
882 2561 977 2629 robur
999 2561 1185 2644 adipiseitur
1207 2561 1261 2644 qui
1284 2561 1402 2627 bonurn

271 2662 329 2731 sub
367 2663 576 2735 diuturnitate
612 2662 776 2732 mentitur.
825 2681 982 2740 sernessos
1019 2663 1120 2732 mino
1155 2661 1403 2732 beniuolentiam

271 2767 463 2853 aptiorem,
496 2767 558 2834 nisi
591 2767 775 2851 inspexisses
803 2767 946 2833 laedendi
974 2767 1086 2834 uellem
1113 2765 1278 2854 legationis
1313 2763 1402 2832 elene

270 2871 454 2945 reseratum.
492 2870 557 2936 tole
578 2871 642 2950 ost.
664 2888 701 2942 uo
721 2871 750 2934 si
770 2870 871 2954 segnis
894 2869 952 2936 sub
985 2869 1118 2938 febrium
1140 2869 1310 2936 innotatione
1331 2869 1402 2934 lm-

269 2973 438 3056 guoutitus
465 2973 628 3040 moturus
656 2973 792 3040 eduum
824 2975 947 3046 omutor
974 2971 1123 3056 edomet
1151 2973 1184 3038 et
1206 2972 1348 3041 smmum
1370 2971 1436 3036 ins

270 3075 482 3159 penetralibus
509 3077 577 3142 suis
606 3074 666 3148 sub
694 3073 875 3142 munemel
906 3075 1009 3160 speeie
1037 3073 1216 3158 expleturus
1246 3074 1400 3158 inquiret:

271 3179 357 3260 quis,
389 3195 491 3262 rogo„
507 3179 580 3244 huio
607 3196 670 3246 non
696 3181 815 3262 pendet
846 3182 967 3247 seerete
994 3177 1142 3247 uitelium
1170 3180 1202 3243 et
1231 3175 1402 3261 inquibus

270 3279 371 3347 adhue
406 3281 482 3346 loeis
519 3283 608 3364 uigor
643 3280 797 3347 subsistet
833 3280 1020 3347 adnuntiet?
1056 3280 1160 3346 ieeilis
1197 3278 1400 3364 extinguendi

270 3383 467 3451 ministretur
500 3389 619 3452 ooossio
652 3383 719 3467 illi,
753 3402 771 3450 e
804 3401 865 3468 quo
898 3385 1015 3452 sunites
1047 3385 1235 3469 postuletur.
1276 3382 1323 3448 sio
1356 3383 1399 3464 te,

269 3485 470 3570 inpurissime
503 3486 680 3571 hominum,
718 3489 866 3570 aduersus
900 3505 955 3553 nos
992 3486 1176 3555 intimorum
1210 3484 1434 3552 suentense

321 3723 524 3797 leristerisB
626 3694 845 3794 5pepe'runtL
946 3726 1119 3794 purgatorem
1143 3724 1171 3779 L
1273 3721 1400 3778 linimi·

270 3811 369 3866 riorum
387 3811 415 3866 L
505 3810 539 3865 11
551 3810 727 3878 pruneretL¹
813 3810 847 3866 12
864 3811 896 3880 si]
916 3809 1018 3866 siueL
1107 3809 1288 3866 13ooumodis
1301 3807 1330 3862 Β

270 3897 304 3951 16
320 3895 469 3966 prodideris
485 3895 551 3966 fort.
644 3896 677 3951 17
694 3897 809 3951 iuri-sse
820 3899 844 3964 (s
856 3897 935 3964 erue)
949 3896 985 3965 B,
1007 3896 1121 3951 iuuisset
1133 3895 1160 3951 L
1254 3895 1286 3970 lii
1304 3893 1398 3949 lsetsli

269 3983 306 4049 B,
329 3982 422 4037 loetali
439 3979 499 4038 LV
595 3981 631 4037 2)
647 3985 676 4037 et
692 3981 984 4037 transire-lulsitntis
1001 3995 1052 4042 ons.
1070 3981 1110 4038 19¹
1126 3979 1191 4037 odd.
1208 3995 1279 4036 sorr.
1295 3981 1330 4036 iet
1346 3996 1398 4052 erp.

269 4067 321 4135 inf.
411 4067 444 4122 21
463 4067 540 4123 robor
558 4065 680 4124 BLPV
769 4068 803 4122 22
820 4069 950 4123 seruussis
967 4067 995 4123 Β
1033 4093 1037 4099 =
1089 4065 1126 4122 22
1141 4065 1274 4137 topiorum
1292 4065 1331 4121 Τ·

269 4153 514 4211 lireserurumL
602 4153 720 4210 ieetlone
740 4153 777 4210 T¹
872 4151 1094 4210 itunirBel.
1187 4150 1396 4224 idertingendi

268 4241 296 4296 B
397 4238 432 4294 29
449 4239 617 4296 ministrator
634 4239 682 4297 Lo
784 4241 975 4296 othoninum
993 4241 1048 4307 Pe,
1076 4241 1195 4297 omnium
1213 4237 1327 4295 em
