2992 4967
278 362 342 429 426
634 360 748 428 Magni
768 358 894 414 leiloio
915 358 1044 414 Ennodi

280 551 454 617 eonontium
478 554 510 617 ot
531 549 737 617 diseretorum
758 553 919 616 nationum
935 550 1118 617 oonoordem
1132 549 1329 616 sententium
1352 568 1419 616 non

280 654 425 721 reuoluo:
445 655 570 720 slotust
591 653 654 719 ists
676 652 741 719 loeo
764 653 867 719 lunum
889 653 940 717 oui
961 670 1023 719 non
1045 652 1184 735 suppetit
1204 652 1290 735 quei
1310 654 1422 735 possit

282 756 461 839 proediosrs
491 759 529 823 (lo
547 756 712 829 ,moritus
757 756 925 823 momentis
958 756 1042 821 onim
1078 756 1264 839 plerumque
1296 757 1420 821 inuenti

281 858 399 925 tenens
420 876 497 928 sure
518 860 678 943 populeris
693 862 857 943 inpellitur
877 864 910 925 et
925 862 1032 926 nessia
1048 860 1197 925 oraminis
1219 859 1315 925 toron
1334 858 1421 941 Qui·

281 961 404 1040 ritium,
434 961 509 1027 dum
531 961 647 1027 studiis
668 962 803 1046 sepitur,
832 966 918 1028 emet
946 963 1129 1045 incognitos
1172 965 1210 1028 in
1234 967 1266 1028 ts
1293 963 1453 1028 llbrsme

281 1066 385 1131 termo
405 1065 459 1148 qni
474 1066 632 1147 petitionis
648 1068 721 1131 lusu
735 1068 793 1132 unt
806 1068 925 1132 sosium
939 1086 973 1131 se
988 1066 1148 1149 praestitit
1162 1073 1219 1132 sut
1237 1066 1416 1132 unctorum,

281 1169 444 1253 imperitos
464 1171 573 1235 ooetus
601 1169 817 1235 multitudinis
844 1169 995 1235 meritum
1021 1172 1115 1235 tuum
1144 1169 1294 1253 expendit
1320 1170 1420 1234 lunoe

282 1272 409 1357 perlecti
437 1278 487 1353 et,
518 1274 593 1339 (lum
616 1275 650 1337 in
670 1274 704 1337 lu
725 1274 979 1338 ornamentorum
1004 1274 1143 1339 remotus
1169 1273 1290 1358 pinosi,
1321 1275 1418 1355 quusi

282 1392 362 1441 unus
376 1374 465 1441 teres
481 1374 686 1441 disertissimi
700 1370 798 1441 fueris
811 1374 960 1454 instituti,
982 1374 1029 1441 sio
1048 1375 1165 1460 singuli
1187 1376 1247 1441 lnoo
1261 1376 1300 1440 do
1315 1377 1418 1441 olori·

282 1480 347 1545 uuo
368 1480 424 1545 lue
446 1480 613 1545 oonsebsnt
635 1478 781 1545 suilloere
803 1478 886 1562 quod
906 1478 1087 1562 protelent,
1109 1480 1186 1563 quis
1206 1480 1290 1545 tono
1302 1478 1452 1545 omnisne

282 1598 475 1667 nequequam
504 1582 646 1651 omnibus
675 1586 748 1647 uoto
771 1599 839 1647 esse
860 1582 1030 1665 potueruut
1049 1585 1084 1647 ot
1108 1580 1272 1666 spemeilm
1298 1582 1341 1647 ud
1363 1582 1417 1646 iu·

281 1702 389 1752 uorem
413 1684 523 1751 sideris
548 1686 595 1751 tui
617 1684 778 1750 uniuersos
799 1684 967 1751 inlexerant
996 1685 1089 1750 elteri
1110 1684 1303 1751 poentenno
1327 1685 1415 1767 quod

282 1788 354 1871 pins
376 1808 420 1872 es,
442 1788 535 1854 elteri
558 1789 640 1871 quod
662 1806 798 1866 seuerus,
821 1784 914 1855 ullerl
934 1788 1018 1870 quod
1033 1788 1112 1853 tene
1130 1787 1278 1871 adquisiti
1298 1786 1416 1853 (listri-

283 1890 377 1956 bntor
404 1892 602 1974 patrimonii,
637 1890 730 1957 alleri
760 1892 842 1975 quod
877 1890 975 1957 eoiros
994 1895 1076 1956 roste
1097 1894 1186 1972 paru
1213 1908 1355 1968 seruere,
1379 1890 1415 1955 iol

283 1993 380 2059 studii
402 1993 536 2077 sumpsit
558 1994 761 2073 uniuersitss‚
788 2000 841 2072 ιιι,
862 2012 935 2060 oum
957 1994 996 2060 (le
1016 1994 1175 2078 proposito
1196 1993 1290 2059 lente
1310 2012 1447 2060 unm-u

283 2095 413 2177 quisque
436 2095 583 2176 uinceret,
608 2096 784 2161 oonlstione
805 2099 911 2162 nmen
933 2097 967 2162 in
987 2097 1164 2181 prueoouiis
1185 2096 1250 2162 tuis
1272 2098 1415 2163 melioris

283 2197 431 2264 uitulini
455 2199 555 2264 sltero
577 2201 762 2264 uinooretur.

325 2300 405 2367 Nolo
427 2302 497 2367 istis
526 2300 645 2367 (liutius
676 2302 834 2369 inmoreri.
878 2302 1065 2369 ueniendum
1087 2305 1136 2368 eet
1163 2303 1203 2368 ud
1225 2304 1342 2369 loboris
1363 2303 1413 2368 tui

283 2404 445 2483 exereitis.
475 2404 549 2488 quis
570 2422 642 2487 ego.
671 2406 724 2488 qui
752 2422 814 2471 uon
844 2424 913 2471 eum
945 2406 978 2470 in
1001 2406 1177 2472 lendotloue
1203 2410 1260 2470 tus
1281 2406 1414 2471 iduum

283 2507 444 2588 menimis,
481 2508 581 2575 neseio
618 2524 687 2573 seeo
723 2525 821 2591 perus
855 2510 1031 2575 contentus.
1075 2508 1210 2575 nouellis
1242 2511 1276 2573 te
1308 2506 1444 2574 minos

283 2611 436 2695 inpositus
477 2610 641 2695 digniistis
681 2610 842 2677 lubentem
878 2610 1023 2695 uestigiis
1060 2612 1223 2677 inelnotuti
1259 2610 1413 2693 temporis

283 2715 421 2797 suscepit
463 2714 636 2781 ennesius
672 2718 705 2781 ιι
741 2714 873 2780 tironem
917 2715 1071 2798 pontilioii
1112 2714 1411 2781 eremitstieeimnm

283 2818 419 2883 militem
452 2816 601 2885 aduersus
633 2816 813 2883 libertatem
844 2818 969 2900 iupsolu
1001 2816 1086 2883 telle
1116 2816 1329 2883 reddiderunt.
1373 2824 1412 2881 tn

283 2920 444 3003 pruodonis
488 2920 614 2987 nusoisti
655 2920 767 2986 timore
809 2920 998 2999 sterilium,
1035 2922 1072 2985 tu
1114 2920 1410 3003 blunlimontorum,

284 3022 365 3104 quod
396 3022 430 3088 in
463 3022 628 3091 malitiosis
664 3023 825 3091 nocentius
860 3023 960 3089 telum
996 3026 1062 3103 est,
1094 3024 1184 3090 souto
1215 3024 1443 3089 oonstsntisee

284 3142 405 3191 ueneno
432 3125 589 3208 respuisti
628 3126 833 3214 quotiensto
861 3129 915 3209 qni
944 3127 1112 3193 oertumine
1141 3142 1203 3192 non
1231 3127 1335 3209 potnit
1361 3127 1410 3191 in·

284 3230 398 3295 eidiosu
431 3230 668 3299 honorilioonlis
699 3229 884 3296 leoessinitl
925 3231 1066 3313 quotiens
1098 3231 1131 3295 iu
1165 3228 1278 3295 domno
1312 3228 1410 3295 boum

285 3331 440 3416 opinionis
463 3333 586 3399 seruitii
606 3333 657 3399 sui
679 3337 711 3399 te
734 3334 867 3399 aedidit
889 3332 1039 3416 ligmerts
1060 3332 1230 3415 susoipere,
1259 3332 1318 3396 loo
1338 3350 1358 3396 e
1376 3333 1411 3395 te

284 3436 461 3519 postulans,
493 3438 528 3502 ut
551 3436 690 3502 adhibito
713 3436 835 3503 hostem
856 3436 999 3501 ooulndio
1020 3436 1105 3501 intro
1125 3433 1213 3500 ortis
1234 3450 1339 3499 muros
1360 3433 1411 3497 in-

285 3540 425 3607 eluderes
446 3540 479 3605 et
501 3542 606 3607 ouium
627 3542 755 3605 tuorum
776 3538 957 3622 dissipium
970 3538 1054 3620 lupis
1072 3537 1443 3618 nemorumnemorum

335 3760 536 3831 lqulritnmle
635 3758 787 3815 Gestorum
808 3759 834 3814 T
935 3760 1044 3815 leuius
1060 3757 1144 3815 MV
1238 3756 1408 3813 multitudini

286 3865 312 3920 Τ
411 3865 429 3921 9
452 3864 502 3919 hoo
525 3863 623 3931 Sim,
652 3858 671 3917 ll
698 3864 734 3930 T,
761 3863 825 3920 lisso
846 3862 939 3928 BLV,
965 3877 1014 3918 ont
1040 3862 1088 3919 Pu
1190 3861 1224 3915 1³
1244 3862 1296 3930 pi'·
1320 3860 1346 3916 Τ

287 3969 319 4024 14
341 3968 421 4023 seiros
438 3967 500 4034 Bb.
529 3967 605 4022 sciris
623 3966 732 4022 LPTV
834 3968 867 4021 lli
889 3967 999 4021 niuoere
1023 3964 1059 4020 Τ·
1162 3964 1199 4018 20
1221 3977 1304 4033 ptrue
1327 3964 1345 4017 ι

285 4054 416 4173 nolonelis
438 4088 465 4143 V
572 4090 606 4145 22
628 4092 751 4159 tyronem
774 4088 860 4143 BLV
967 4086 1136 4157 pontilloisb
1250 4086 1285 4141 Pl
1303 4086 1405 4141 honori·

285 4190 393 4246 fluentis
414 4194 442 4259 (s
463 4193 494 4247 ιἰι
516 4196 585 4260 ros.)
608 4192 634 4247 Β
736 4190 880 4247 minet
901 4190 930 4247 B
1032 4190 1067 4247 28
1088 4193 1116 4243 te
1138 4205 1190 4244 our.
1213 4188 1242 4243 B
1344 4190 1405 4257 ulig-

286 4296 376 4348 msntu
393 4294 422 4349 Β
523 4295 559 4349 29
575 4294 734 4380 inelsudoris
753 4294 789 4360 B,
816 4294 986 4349 oonolnllsroo
1003 4292 1088 4349 m
