2992 4967
448 334 685 404 Epistularum
708 332 797 387 liber
813 330 882 387 1111.

612 536 719 603 xxm.
800 502 813 515 '

484 672 667 730 sNNomvs
695 671 843 730 FAVSTO.

138 797 228 879 Ques
250 816 341 883 scepe
363 798 560 867 mediocriter
580 796 679 881 gratis
712 798 842 881 inpense
862 802 940 863 sunt
970 797 1113 880 cuonone
1139 800 1224 865 exhi·

95 904 214 971 testm
235 902 332 970 uerbo
355 901 539 980 coniunctis,
564 901 711 984 quicquid
733 900 835 967 fauori
849 901 1035 969 obsecutum
1057 906 1104 967 est
1118 920 1227 971 sereno

73 1008 295 1090 emancipetur
317 1005 452 1073 effectui.
480 1024 543 1072 non
566 1004 698 1089 depictis
731 1022 870 1074 umorem
891 1007 1046 1073 mentitur
1078 1006 1227 1090 alloquiis

95 1113 148 1195 qui
160 1108 312 1194 perisiori
324 1128 394 1177 cxro
409 1110 566 1177 reddendo
577 1108 711 1177 dominis
724 1109 842 1193 scriptu
852 1109 1023 1176 conmittit.
1034 1111 1068 1175 in
1079 1110 1227 1177 sublimis

93 1218 125 1279 et
150 1213 314 1299 magnifici
329 1214 389 1281 uiri
411 1212 558 1281 Prufxoni
579 1214 641 1279 mei
657 1212 912 1279 conmendatione
936 1232 988 1279 ore
1009 1214 1120 1281 feriuto
1134 1233 1227 1283 mens

95 1318 199 1383 dictet
221 1318 397 1403 epistolum.
434 1318 539 1385 nescio
562 1316 644 1383 enim
679 1316 712 1381 in
736 1317 828 1400 qualo
850 1318 974 1383 culmen
1007 1318 1120 1384 merite
1145 1317 1226 1399 upud

95 1438 144 1485 me
168 1421 242 1503 uiri,
268 1439 360 1503 quem
382 1439 452 1487 snm
467 1420 635 1504 prceictus,
660 1420 819 1499 extollam,
841 1423 873 1487 in
889 1438 949 1502 quo
967 1422 1093 1503 lingone
1107 1421 1227 1487 mucies

64 1522 240 1589 redebitum
257 1522 394 1606 pectoris
410 1523 519 1606 nequit
534 1524 713 1605 exprimere.
738 1523 792 1589 sed
814 1521 1022 1589 abdicandum
1036 1526 1117 1587 esset
1138 1524 1227 1602 milri,

95 1628 194 1693 etium
217 1627 246 1695 si
268 1626 457 1709 subpeteret,
479 1626 643 1693 iucundius
666 1624 865 1704 lenocinium,
888 1626 963 1707 quic
982 1643 1100 1707 ponper
1121 1642 1226 1691 sermo
1313 1652 1321 1659 ·

98 1729 227 1797 uberem
242 1729 441 1815 diligentium
456 1730 572 1795 rectius
588 1729 756 1795 confitetur
774 1728 848 1795 etsi
864 1728 1024 1795 dedemus
1040 1748 1096 1814 per
1112 1730 1225 1797 cousus

95 1835 227 1916 paginus
250 1834 331 1911 illos,
356 1851 431 1915 qnos
454 1852 564 1901 cruens
584 1836 739 1913 nesciunt,
766 1832 834 1899 iure
856 1833 1024 1899 tribuendo
1044 1832 1225 1899 umentibus

96 1936 129 2003 in
151 1940 258 2005 artum
290 1936 410 2003 uncle
443 1936 649 2003 concluditur.
688 1954 812 2003 censum
835 1954 909 2019 ergo
938 1937 1050 2003 modici
1072 1936 1226 2006 sermonis

65 2039 237 2107 colocerus
257 2038 451 2107 foederatum
474 2039 605 2105 irenem
628 2057 818 2121 quemquem
833 2038 942 2121 paucis
964 2040 1068 2105 uerbis
1089 2041 1222 2123 insinuo,

96 2143 201 2209 iumen
224 2142 335 2211 multis
351 2144 514 2226 obsequiis,
538 2144 575 2209 nt
588 2144 674 2209 lutus
690 2143 907 2227 magnitudine
920 2143 1035 2225 uestro,
1050 2143 1082 2209 in
1098 2144 1225 2229 negotio

95 2261 150 2309 suo
172 2245 498 2329 circumstrepentium
515 2246 679 2329 aliquando
699 2246 845 2311 uideatur
866 2264 1024 2329 superasse
1046 2248 1222 2311 umneucu

96 2349 176 2429 qnod
212 2350 329 2429 restet,
363 2349 571 2417 iemuluntem
605 2350 828 2417 solntctionem
862 2351 1007 2416 exhibens
1039 2368 1090 2414 me
1117 2350 1225 2415 ualere

95 2452 245 2536 nigrities,
268 2452 296 2519 si
318 2453 426 2519 tomen
448 2470 594 2536 prospere
615 2455 722 2519 uestro
745 2451 838 2519 certis
859 2453 983 2519 indiciis
998 2452 1077 2519 mihi
1099 2451 1222 2537 dispen-

65 2557 171 2625 ueutio
195 2575 329 2641 superno
353 2557 514 2623 concedet.

624 2724 693 2793 XV.

480 2860 664 2919 ennomus
692 2860 839 2917 sensns.

136 2982 312 3051 Proelinior
335 2988 375 3053 cd
397 2987 617 3069 inpetrcndum
639 2985 694 3051 uie
715 2986 771 3063 est,
795 2985 938 3069 quotiens
961 3003 981 3050 n
1001 2983 1145 3067 religioso
1167 2983 1224 3050 eli-

96 3088 168 3169 qnid
184 3090 281 3172 exigit
297 3089 428 3154 obiectio
444 3087 655 3171 deprecantis:
680 3091 805 3154 coactns
820 3090 902 3153 enim
917 3089 1057 3170 praestet
1073 3088 1222 3155 edoctum

66 3192 147 3271 requi
159 3191 293 3256 miseriis
310 3191 458 3276 supplicis
470 3192 640 3257 inuitatur:
655 3210 716 3256 non
728 3192 832 3276 potest
846 3191 968 3257 adferre
983 3193 1090 3259 obuius
1104 3210 1223 3259 monus

97 3294 143 3358 cui
168 3295 305 3376 imperet
325 3294 520 3378 propositum
541 3294 685 3361 adflictos
708 3294 824 3361 endire.
850 3296 987 3377 perlator
1008 3300 1221 3379 proesentinm

142 3547 238 3605 XIIII.
265 3550 282 3603 3
300 3550 423 3619 quotiens
441 3550 563 3641 quotiens
582 3549 610 3604 Β
704 3552 721 3607 4
739 3550 874 3621 qnodqnid
893 3550 930 3605 Βι
1025 3550 1151 3606 irrueret

93 3684 216 3742 sareon
229 3686 272 3741 Po
362 3690 404 3743 nc
418 3688 472 3745 ro.
487 3689 505 3743 c.
597 3656 753 3759 elloquisB
847 3661 997 3757 eneces,
1015 3690 1151 3746 socias*

95 3808 125 3861 ro
146 3808 245 3879 nense
268 3808 297 3863 s
399 3810 469 3865 essee
491 3808 570 3879 minc]
596 3826 652 3866 use
674 3809 783 3866 ornetur
800 3810 846 3866 Po
948 3811 979 3865 11
1003 3809 1155 3879 subpotatio
1180 3783 1220 3867 t.

94 3892 192 3949 ciuium
212 3894 238 3949 B
329 3910 429 3965 perper
447 3911 482 3951 eu
498 3912 600 3965 semper
620 3894 727 3951 Tm
824 3896 857 3950 12
875 3894 984 3951 uberum
1003 3896 1031 3951 L
1126 3898 1159 3953 13
1177 3914 1221 3955 ιι-

95 3978 177 4037 chent
201 3980 313 4039 LPTV
422 3982 455 4037 14
479 3998 568 4039 ereum
596 3982 631 4037 Τ1
742 3982 961 4039 lucuscanum
985 3982 1024 4037 Β1
1041 3989 1073 4039 ret
1089 3983 1149 4038 reid.

94 4072 216 4138 quuuqnd
234 4068 261 4126 Io
356 4068 388 4123 17
406 4068 682 4139 circumstripeutium
698 4070 727 4125 B
825 4070 859 4125 20
877 4068 1011 4141 concedet]
1029 4070 1090 4125 linit
1107 4069 1172 4125 odet
1190 4068 1221 4125 Β

141 4168 199 4226 XV.
234 4172 269 4226 23
285 4172 415 4241 relegiosu
433 4171 461 4226 B
556 4172 758 4243 represents
854 4173 1019 4231 senuerit
1030 4174 1069 4231 ΒΙ
1156 4187 1220 4241 sup-

94 4255 223 4323 pliciiud'
323 4257 357 4311 26
376 4258 481 4327 inperat
499 4258 526 4313 Β
