2992 4967
393 354 509 426 Opnsu
527 356 581 411 111.
605 355 684 410 Vita
700 355 732 410 B.
749 354 927 427 Epiphani.
1159 356 1226 424 3⁶16

94 564 223 613 morum
249 546 368 611 indiees
397 544 545 613 lacrimae
573 544 781 611 tautum.
824 544 905 611 mde
932 547 965 610 et
986 544 1078 627 meno
1101 546 1226 628 pertore

95 649 186 715 diota
211 648 403 728 sonantius,
436 666 492 731 per
518 666 596 732 quas
622 646 777 733 partionis
805 646 894 713 illius
919 648 1103 714 durissimae
1128 666 1225 715 nexus

93 753 261 835 inrumpus
289 750 376 817 iliost
409 752 552 818 omnibus
586 750 698 819 Italis-2
727 767 936 835 quaeeunque
967 749 1226 838 Burgundionum

96 859 278 921 nostrornm
293 860 397 921 metus
414 854 611 938 eaptiuitatis
626 854 701 921 feeit
716 872 784 920 esso
797 854 948 940 neptium,
971 870 1048 938 quos
1062 854 1226 921 mone·

75 956 239 1035 emtas,
262 974 338 1041 qnos
353 958 564 1041 perieulorum
579 958 674 1023 timor
687 958 822 1041 adnant,
844 962 1002 1043 powemo
1017 974 1227 1041 questumque

97 1061 257 1129 eonemit
278 1062 334 1126 ant
355 1059 476 1127 addixit
498 1078 667 1127 censensus
680 1060 830 1145 prinoipis
851 1059 912 1140 sni,
939 1064 1044 1127 nomer
1065 1060 1226 1127 absoluat:

95 1168 131 1228 at
153 1180 268 1247 pauoos
290 1180 366 1245 quos
389 1164 477 1247 quun
499 1164 608 1230 ardore
629 1164 801 1247 proeliandi
820 1165 897 1230 tuno
918 1164 959 1230 ab
976 1164 1226 1231 adnumdornm

96 1284 230 1333 suorum
241 1266 453 1335 dominatione
463 1275 644 1351 rapuerunt,
657 1286 712 1351 pro
723 1266 791 1333 illis
801 1267 895 1351 pretii
906 1268 1226 1353 quantulumoumque

96 1370 292 1455 pereipiant,
318 1390 357 1436 ne
380 1370 579 1437 detestabiles
602 1370 683 1456 apud
705 1370 778 1437 illos
798 1370 876 1436 liant
897 1371 1104 1439 eertaminum
1126 1390 1226 1451 meus,

63 1490 233 1555 inquorum
255 1490 327 1539 eum
349 1474 531 1541 diserimina
552 1476 773 1559 sustinuerint,
800 1475 890 1542 luera
910 1492 974 1541 non
994 1474 1162 1544 mutiunt'.

141 1594 218 1659 Post
239 1596 440 1677 praeseptum
463 1596 630 1663 uenerandi
653 1596 736 1681 regis
757 1595 881 1681 inpiger
901 1593 957 1661 ille
973 1596 1140 1663 uerborum
1162 1594 1227 1661 sal·

97 1698 184 1764 tibns
207 1698 419 1781 indulgentiae
447 1698 564 1782 speeies
592 1696 648 1763 aut
680 1696 798 1764 formas
826 1698 966 1782 exposuit
993 1698 1026 1765 et
1053 1698 1157 1764 oartas
1187 1696 1227 1765 ad

97 1801 257 1885 insignem
280 1801 456 1867 antistitem
479 1800 609 1867 detulit:
631 1819 708 1883 ques
730 1800 787 1867 ille
808 1818 880 1867 enm
902 1799 1151 1885 expectatimima
1171 1798 1227 1866 de·

97 1904 228 1970 notione
248 1906 387 1986 suseepit
409 1906 441 1969 et
462 1902 645 1988 portitorem
665 1904 745 1969 tanti
771 1902 844 1970 doni
866 1903 1040 1971 ambienter
1066 1904 1227 1987 amplexus

66 2032 89 2071 ιι
99 2009 156 2073 est.
175 2008 229 2091 qui
239 2009 404 2090 postquem
414 2025 521 2073 rumor
532 2006 680 2082 innotuit,
696 2008 786 2073 tanta
796 2006 890 2073 istius
901 2009 966 2074 iam
979 2006 1100 2074 liberae
1115 2006 1226 2073 multi·

98 2110 220 2177 tudinis
235 2110 411 2194 nequentia
425 2110 530 2177 subito
545 2110 678 2188 adstitit,
696 2112 731 2175 ut
745 2110 886 2176 desolata
901 2112 1040 2177 erederet
1051 2126 1117 2175 esse
1131 2108 1228 2175 etiam

97 2214 213 2281 ineolis
227 2232 300 2280 rura
316 2212 497 2283 Gallorum:
520 2230 593 2279 nanu
609 2213 700 2279 testis
716 2212 809 2279 nnius
830 2215 874 2280 rei
890 2218 948 2298 'ego
966 2230 1047 2291 sum,
1069 2230 1123 2296 per
1138 2210 1227 2278 ouius

99 2334 213 2384 manus
235 2316 370 2402 piotaeia
391 2316 430 2382 ad
453 2316 593 2382 elusnras
616 2315 714 2381 iussio
736 2314 903 2382 sacerdotis
925 2314 1050 2401 elienit,
1079 2316 1227 2398 quadrin-

99 2426 213 2505 gentos
235 2420 376 2486 homines
399 2418 449 2485 dis
471 2436 534 2483 nna
556 2418 594 2484 ds
616 2416 682 2484 sola
696 2416 901 2503 Lugdunensi
923 2418 1052 2485 ciuitate
1074 2414 1228 2483 redituros

67 2522 140 2594 aad
162 2522 295 2589 Italiam
317 2522 413 2589 fnisse
433 2520 587 2589 dimissos.
621 2521 793 2587 identidem
816 2522 1036 2605 persingulas
1057 2521 1149 2587 nrbes
1171 2519 1228 2587 Sa·

99 2628 233 2711 pandiae
259 2624 309 2692 uel
333 2624 468 2692 aliarum
489 2625 721 2708 prouinoiarnm
746 2624 868 2690 iactum
888 2621 1104 2689 indubitanter
1130 2640 1228 2709 agno·

100 2732 217 2809 nimus,
240 2728 286 2795 ita
301 2732 337 2795 nt
355 2731 498 2806 istorum,
522 2745 599 2812 qnos
620 2726 705 2794 solae
726 2744 834 2811 praees
848 2724 1023 2792 beatissimi
1037 2724 1100 2791 uiri
1113 2722 1228 2793 libere·

100 2834 186 2912 rnnt,
210 2832 281 2915 plns
297 2850 389 2915 quam
404 2850 458 2897 sex
479 2830 569 2897 milia
583 2830 759 2897 animarum
776 2828 869 2894 terris
887 2827 999 2912 patriis
1013 2826 1227 2895 redderentur.

101 2952 210 3002 eorum
232 2952 321 3015 nero,
349 2937 402 3018 qni
423 2934 578 3019 redempti
600 2953 675 3002 auro
698 2934 786 3013 sunt,
815 2949 981 3000 nnmerum
1007 2932 1048 2999 ad
1074 2929 1229 3014 liquidum

68 3062 92 3104 ιι
101 3038 283 3123 cognouisse
305 3055 367 3103 non
388 3036 485 3121 potui,
508 3036 583 3121 quia
597 3039 679 3104 inter
693 3056 745 3103 eos
765 3034 862 3103 etiam
876 3035 995 3103 multos
1009 3034 1086 3121 fuga
1099 3033 1227 3121 eripuit.

100 3138 145 3207 sio
167 3140 286 3207 laetum
309 3141 367 3217 est,
390 3138 427 3206 nt
448 3142 524 3207 tnno
539 3142 577 3205 ad
592 3139 811 3207 liberationem
832 3139 973 3205 omnium
987 3136 1230 3223 subiugatornm

154 3376 298 3433 llaorime
315 3376 486 3433 testabantur
506 3375 737 3433 Tiamoorr.
841 3375 1040 3434 amasim
1142 3375 1230 3432 ddu-

101 3462 208 3517 rissime
223 3462 281 3517 ΒΤ
365 3478 445 3518 nexos
464 3462 491 3517 Β
585 3461 602 3515 3
619 3461 694 3517 ilieet
710 3461 818 3531 mrtpst,
836 3461 918 3517 lineat
934 3461 999 3517 lebet
1091 3460 1110 3515 4
1125 3476 1193 3531 quos
1210 3460 1231 3517 l.

102 3550 246 3603 neemsitaa
264 3548 291 3603 Τ
305 3549 338 3603 iso
355 3564 409 3604 roe.
428 3564 501 3605 corr.
593 3548 611 3602 b
629 3546 740 3605 aduenit
760 3548 784 3601 Τ
867 3562 1019 3619 quoeeuqne
1036 3546 1065 3603 Β
1149 3546 1166 3603 6
1183 3546 1230 3603 ad·

101 3633 177 3691 duxit
196 3636 223 3691 Β
320 3635 335 3689 7
353 3635 389 3691 ad
405 3634 434 3690 Β
520 3634 597 3706 qnasi
613 3632 727 3689 molant
746 3632 874 3691 δώοτιιιι
967 3630 1116 3703 praeliandi
1132 3631 1161 3689 Β

102 3718 137 3775 ab
154 3737 205 3777 oea
225 3722 251 3775 d
350 3721 468 3791 spreeii
485 3721 570 3778 ΒΝ
672 3719 704 3773 12
727 3718 835 3774 eartban
856 3718 884 3773 Β
987 3717 1021 3773 18
1038 3716 1230 3804 antististitem

102 3842 129 3897 Β
212 3842 245 3899 14
255 3843 445 3912 portionamL
531 3840 817 3899 15rumorinetuitB
897 3836 979 3894 libere
992 3837 1026 3903 B,
1045 3826 1125 3893 llber‘
1138 3840 1165 3895 Τ

103 3928 136 3983 16
153 3928 268 3985 ndsbtet
284 3927 312 3983 Β
407 3930 440 3984 18
457 3928 573 3999 piatatis
593 3930 625 3998 d,
651 3926 767 3999 pittatia
784 3926 820 3991 Β,
846 3924 1011 3995 peetueiaB
1105 3926 1140 3979 ad
1157 3925 1232 3981 olan·

103 4030 180 4073 suras
200 4016 229 4079 T,
256 4014 490 4071 ooeluouraseoeo'.
503 4014 629 4071 dotatus
714 4010 909 4081 quadrigentos
926 4009 1019 4065 Bw
1103 4008 1140 4065 20
1155 4011 1231 4065 iden·

102 4098 183 4154 titem
204 4102 230 4155 Τ
329 4100 461 4170 tapsum
478 4100 517 4155 ΒΙ
621 4099 653 4155 21
673 4096 874 4168 mutationum
894 4094 946 4151 TV
1047 4094 1084 4151 H
1099 4094 1233 4151 llberamt-

103 4188 169 4239 rnnt
194 4185 222 4241 Β
324 4185 359 4240 23
386 4184 493 4255 patriis]
520 4184 634 4256 propriis
661 4184 745 4241 sim
847 4180 883 4238 ab
908 4182 1052 4251 agnouisse
1077 4180 1161 4238 Sirim

102 4284 137 4341 bt
154 4272 239 4343 tnnc*
253 4289 296 4356 (nt
313 4304 334 4343 e.
354 4289 372 4343 t.
390 4304 422 4343 aa
442 4290 474 4357 Β)
496 4290 522 4342 T
622 4286 846 4342 deliberationum
862 4282 936 4340 Bell.
