2992 4967
270 344 334 413 298
628 340 743 410 Magni
761 337 890 395 Felicis
908 336 1039 393 Euncdi

270 532 447 619 cognitione
478 533 579 598 sancit
601 534 750 595 euentum
772 531 806 596 et
825 529 947 595 rabidis
967 529 1137 593 termnum
1159 530 1302 613 positura
1323 542 1400 593 con·

270 635 409 703 hictibus
431 636 478 701 sic
499 634 646 717 metitur,
668 638 706 699 ut
725 636 833 717 pernix
854 631 985 711 decido,
1014 633 1090 698 dum
1110 632 1313 716 inquisitione
1333 648 1399 697 caue

271 740 374 805 senior
402 739 581 817 innotescit,
611 736 750 803 fauorem
772 735 930 801 censentis
952 738 1104 801 maeoti
1137 751 1219 801 nuuc
1240 734 1399 818 pauihper

269 859 321 907 cre
343 841 463 907 actibus
486 841 577 907 cunis
605 841 754 925 ndignus
781 838 954 924 pontificati
977 856 1050 905 uoce
1072 856 1129 905 uos
1151 856 1295 922 agnem.
1331 856 1398 917 nos,

270 946 325 1029 qui
347 947 466 1013 intuto
487 948 597 1013 nostra
618 963 680 1011 uon
702 961 766 1011 una
787 942 871 1026 apud
886 960 942 1009 uos
963 941 1123 1009 noluimus
1143 943 1233 1009 lance
1245 944 1433 1017 constuco

270 1049 380 1131 quibus
401 1047 440 1115 de
461 1049 704 1133 inpugnatornm
725 1046 880 1129 qualitate
893 1044 954 1111 leti
967 1047 1042 1114 sunt
1055 1062 1197 1125 cmouec,
1220 1046 1303 1129 apud
1318 1063 1397 1129 quos

267 1151 358 1219 nefas
380 1156 428 1219 cst
450 1168 527 1219 mua
548 1156 674 1234 patrurn
695 1150 828 1219 definite
846 1149 1076 1228 transiendam,
1106 1147 1220 1231 quihus
1243 1148 1401 1231 scripturn

270 1258 319 1322 est
350 1255 385 1321 in
416 1254 664 1340 carthaginiensi
699 1252 849 1331 concilio,
886 1252 970 1336 quod
999 1251 1191 1336 ementitae
1226 1253 1311 1319 sedis
1336 1270 1401 1336 por

269 1358 454 1425 Faustinum
477 1358 676 1441 episcopum,
706 1356 761 1440 qni
781 1358 858 1421 tunc
879 1358 920 1424 ab
940 1374 980 1423 ea
999 1354 1116 1421 misum
1137 1354 1300 1435 interfuit,
1323 1373 1400 1440 pro-

269 1459 360 1527 bauit
381 1460 564 1540 sueonos
592 1459 825 1529 awusabribus
852 1460 892 1525 de
912 1458 1036 1525 inimici
1057 1458 1149 1527 domo
1170 1459 1432 1543 prodeuntibusc

268 1581 331 1629 uon
353 1566 559 1642 credendum,
588 1563 622 1629 in
649 1562 764 1647 quibus
786 1561 857 1629 odio
879 1578 1027 1629 succensa
1047 1561 1195 1629 uidmtas
1216 1580 1272 1646 per
1292 1565 1397 1629 nutri·

266 1669 376 1733 menta
408 1666 498 1735 arida
530 1665 690 1733 dammam
719 1665 941 1748 persecutionis
970 1665 1139 1732 exsuscitet
1161 1668 1193 1730 et
1214 1664 1397 1733 uniuersam

269 1769 334 1836 doli
356 1769 507 1839 fabricam
538 1770 666 1852 sumptu
695 1772 728 1835 et
748 1768 903 1835 machinis
929 1768 1169 1837 cohaerentibus
1190 1771 1311 1837 secreta
1331 1771 1398 1837 dis-

268 1870 422 1955 positione
444 1871 604 1955 conponit:
636 1873 712 1937 istos
734 1889 812 1955 quae
840 1872 950 1937 domus
980 1876 1138 1939 enumeret
1160 1872 1215 1955 qui
1236 1874 1316 1939 scire
1338 1892 1396 1957 po-

267 1974 384 2041 tuisset
406 1978 513 2041 nosue
534 1975 679 2042 collectio
700 1975 763 2041 nisi
788 1976 965 2057 praesentes
986 1979 1019 2041 et
1038 1975 1274 2061 inpugnationis
1295 1978 1432 2059 quali-u

269 2078 368 2143 tatem
391 2078 474 2143 nude
494 2077 558 2145 nisi
579 2095 615 2143 er
637 2078 754 2161 scripta
774 2078 985 2161 propositione
1005 2077 1191 2146 didicisset?
1224 2080 1259 2146 iu
1280 2079 1392 2163 quibus

268 2180 426 2247 sentinam
460 2181 642 2258 criminum,
676 2182 752 2247 dum
779 2180 926 2247 simulato
955 2180 1060 2248 ferunt
1089 2183 1332 2264 persecutionem
1361 2203 1394 2249 se

268 2283 379 2351 dehere
403 2282 595 2362 criminibus,
620 2283 823 2367 agnouisset?

310 2402 478 2481 Postilla,
505 2420 585 2486 quae
607 2405 645 2469 de
671 2403 904 2470 cocuoewribus
932 2404 1057 2486 prolate
1089 2410 1180 2481 sunt,
1219 2404 1397 2484 addidistis,

267 2526 322 2573 our
350 2523 502 2588 personae
528 2505 631 2571 iussoe
659 2506 725 2572 sint
751 2507 960 2589 praesentari,
993 2524 1072 2590 quas
1100 2524 1191 2591 caepe
1213 2508 1428 2591 imperiatisn

266 2607 444 2694 flagituset
464 2608 647 2689 auotoritas,
675 2609 715 2674 ad
737 2608 1010 2677 defraudationem
1030 2611 1117 2693 genii
1138 2610 1296 2692 pertinere
1316 2612 1396 2689 eius,

268 2712 321 2795 qui
348 2730 432 2778 nunc
460 2712 494 2777 in
521 2712 594 2777 sede
621 2712 793 2795 apostolica
822 2712 913 2795 quasi
935 2714 968 2779 in
990 2714 1126 2797 quadam
1147 2731 1220 2779 arce
1240 2715 1395 2781 consistit

267 2832 340 2879 uere
354 2815 444 2881 uobis
458 2814 536 2881 dicit
550 2814 725 2899 Sapientis:
746 2815 857 2881 horno
878 2814 1069 2881 infirmus
1091 2820 1130 2883 et
1146 2817 1280 2902 exigui
1301 2820 1395 2884 tem·

368 3018 386 3073 8
403 3018 436 3072 ci.
455 3018 547 3075 Carth.
565 3018 645 3075 (tenc.
663 3018 764 3087 (Dion.)
782 3035 804 3075 c
823 3020 873 3075 131
977 3020 1012 3076 ae
1029 3021 1090 3090 sap
1108 3022 1134 3088 9,
1151 3022 1179 3077 5.
1195 3022 1212 3075 9
1226 3052 1248 3080 ,·

320 3206 467 3263 renone
485 3207 523 3262 υ
628 3208 729 3279 moon
747 3210 788 3274 n,
814 3208 927 3267 roccus
945 3212 989 3279 a,
1016 3176 1114 3268 nuria
1130 3212 1158 3269 r
1260 3211 1393 3282 epernn

267 3302 324 3367 (nix
341 3302 372 3357 in
388 3306 454 3369 roe.)
480 3302 506 3357 b
605 3303 777 3373 inquisitioni
803 3304 831 3359 B
932 3304 950 3359 3
975 3306 1073 3361 seniori
1095 3306 1229 3377 anticipat
1251 3306 1395 3362 innotescit

264 3400 307 3466 A,
336 3396 436 3453 seniori
462 3397 609 3457 innoteecit
625 3398 760 3471 anticipet
783 3417 811 3456 eo
912 3404 1050 3457 cemus
1076 3400 1118 3469 B,
1147 3401 1274 3457 cesserat·
1298 3404 1329 3458 A

264 3492 361 3561 doro]
379 3508 455 3549 crare
476 3492 505 3548 L
606 3494 732 3565 indignae
755 3496 825 3562 Aa,
859 3496 987 3568 indiguos
1008 3514 1050 3564 n,
1084 3494 1241 3566 indignac-
1264 3495 1295 3562 (ti
1311 3500 1393 3561 eru.)

266 3610 293 3668 L
396 3582 533 3669 betatu⁸
549 3612 577 3668 B
680 3612 819 3671 uoiuemus
836 3614 878 3683 B,
905 3619 1029 3673 uolumus
1047 3616 1179 3675 Plenum
1281 3590 1353 3687 bosa
1372 3620 1395 3683 (o

265 3708 297 3762 c'cc
313 3712 378 3776 rae.)
401 3706 427 3764 T
528 3708 619 3765 tecle
637 3706 674 3766 12¹
779 3711 901 3769 diffinita
918 3711 990 3768 Pet
1008 3711 1091 3767 Sicco.
1195 3712 1213 3767 8
1230 3708 1395 3783 churbagiui·

265 3802 320 3856 ensi
339 3800 430 3871 BLV,
454 3802 646 3872 cartaginiensi
662 3804 696 3873 R,
720 3807 902 3877 curtsgiuensi
923 3809 949 3863 Τ
1034 3806 1227 3879 9apprcbauit
1245 3805 1327 3863 Sim

266 3894 300 3951 10
315 3896 445 3951 autoribus
462 3896 501 3951 13¹
606 3900 637 3954 ll
662 3900 830 3957 nutrimentu
851 3902 878 3957 1'
982 3903 1015 3959 12
1035 3903 1251 3973 persecutionum
1267 3900 1329 3957 Rae

227 3982 230 3995 ’
266 3991 299 4045 13
315 3990 448 4069 mechinia
467 3992 502 4059 (is
518 3994 672 4063 corvili
757 3997 945 4053 coherentibus
963 3998 1049 4054 BLV
1131 3996 1283 4067 disposioue
1298 3997 1327 4053 Β

267 4084 300 4139 14
316 4082 410 4139 domos
426 4086 455 4141 R
559 4088 796 4151 15ncicnoe1e
891 4092 925 4148 16
940 4092 1085 4149 mearet
1101 4093 1129 4148 B
1233 4092 1266 4147 11
1284 4092 1394 4147 iusruut

265 4168 304 4224 B¹
347 4225 351 4231 ,
391 4169 575 4228 191110131'1
661 4174 856 4234 1111111113
923 4177 1109 4247 &pmcne
1129 4178 1182 4235 TV
1265 4176 1394 4247 111131·

264 4255 354 4310 tasued
371 4255 399 4312 R
503 4257 714 4315 defrudaticuem
731 4262 772 4316 Β·
875 4264 979 4334 ingenii
997 4265 1045 4321 Po
1148 4267 1183 4323 21
1198 4267 1281 4323 arche
1296 4267 1325 4324 B
