2992 4967
429 372 662 443 Epistularum
684 372 775 427 liber
791 372 870 427 VIII.
1146 375 1211 441 213

88 566 213 629 uestrae
236 580 298 627 non
319 562 468 647 neglectis
491 580 568 639 quae
590 560 769 645 frequenter
789 580 822 628 se
837 564 984 647 ingerunt
998 562 1208 629 occasionibus

87 665 268 733 subleuetis.

580 798 716 867 XVIIII.

474 938 656 995 snrcnrvs
682 936 828 994 savaro.

65 1079 78 1121 ⁵
130 1062 282 1145 Quamuis
304 1062 406 1129 omnis
429 1061 604 1145 frequeutIc
618 1061 797 1129 liitcrarum
813 1060 957 1129 uideatur
979 1079 1050 1129 rara
1068 1061 1212 1129 sollicitis

86 1184 145 1233 nec
168 1164 302 1233 sufficiat
323 1165 518 1248 prouidentia
534 1180 590 1246 pro
607 1164 723 1248 pietate
746 1182 903 1249 erumnae,
926 1168 1033 1231 tamen
1046 1183 1117 1247 pars
1136 1165 1212 1242 ista,

87 1268 138 1335 cci
161 1266 353 1349 inpenditur,
374 1268 436 1333 nisi
451 1268 656 1350 responderit,
672 1269 712 1335 ab
727 1268 924 1337 humanitate
940 1269 1122 1352 seiungitur.
1138 1285 1211 1349 orgo

87 1370 285 1437 salutationis
306 1370 410 1437 efficia
427 1370 587 1451 praefatus
610 1372 667 1437 deo
688 1372 845 1440 tribuente
858 1370 962 1442 adico
977 1388 1100 1437 mecum
1121 1387 1211 1438 sanc·

87 1476 193 1539 torum
215 1473 373 1558 suffragiis
396 1474 429 1542 ot
451 1474 563 1543 matris
585 1475 728 1559 precibus
752 1476 815 1541 ism
843 1474 955 1542 meiius
982 1475 1034 1557 ap·
1061 1474 1095 1540 et
1122 1474 1211 1539 ilum

56 1576 313 1659 adespcraticnis
342 1580 372 1642 et
395 1575 530 1644 febrium
552 1577 722 1661 intepuIsse
750 1578 967 1646 uadtadiusna
1012 1595 1102 1655 nunc
1125 1576 1210 1658 quod

87 1680 203 1757 restat,
242 1696 345 1762 spero,
382 1683 419 1745 ut
446 1680 630 1763 petitionem
652 1700 772 1761 nicam,
802 1699 898 1763 quam
920 1698 976 1762 per
997 1678 1210 1746 mulamulum

90 1799 196 1847 meum
222 1780 353 1847 fratrem
375 1781 502 1851 Irarum
525 1783 701 1865 destinari,
727 1786 880 1866 suscipere
899 1782 998 1852 solita
1018 1781 1212 1865 benignitate

91 1882 272 1965 dignemini,
301 1886 382 1966 quia,
413 1885 473 1951 etsi
504 1887 582 1955 mihi
604 1888 642 1953 ad
664 1906 809 1970 prensens
830 1905 880 1953 rea
903 1886 1028 1954 aidetm
1050 1903 1117 1951 esse
1139 1902 1211 1951 con·

90 1986 206 2067 pendii,
230 1988 327 2066 untia
352 1988 463 2070 quibus
487 1989 589 2073 magis
612 1991 720 2057 latera
742 1989 826 2057 cordi
848 1992 932 2069 sant,
957 1987 1082 2059 utilitas
1104 2006 1139 2055 ex
1155 1988 1213 2055 hac

58 2104 81 2144 1⁵
89 2090 178 2173 parte
201 2106 324 2153 summa
345 2091 518 2171 respondet.

617 2278 685 2343 XX.

459 2410 641 2468 ENNODIVS
666 2411 843 2470 AGNELLO.

134 2532 168 2601 Si
189 2533 329 2599 ualerem
352 2551 406 2599 uos
419 2550 546 2619 corpore
562 2535 715 2617 prosequi,
739 2536 843 2605 certis
861 2536 1070 2606 abstinerem:
1092 2539 1126 2603 at
1142 2554 1212 2609 curu

89 2636 147 2703 illa
167 2654 217 2701 res
240 2635 413 2703 uadtudiue
435 2634 550 2715 defleti,
572 2636 634 2703 ista
655 2637 822 2705 subcurrit.
854 2639 916 2705 solt
938 2641 1128 2708 marearum
1148 2639 1213 2705 die·

58 2756 210 2819 consecr,
240 2758 291 2805 me
320 2743 351 2804 ot
380 2738 515 2804 diuisum
543 2740 714 2823 praesentia
743 2758 762 2805 a
790 2742 878 2805 uobis
901 2741 1009 2809 abesse
1031 2760 1093 2807 non
1114 2759 1211 2823 posse.

89 2843 218 2927 proinde
241 2842 483 2908 sollicitudinem
497 2844 636 2910 uestram
652 2844 760 2909 nuntio
776 2844 990 2926 prosperitatis
1006 2861 1094 2910 meae
1109 2845 1212 2909 releuo

92 2950 132 3031 ot,
149 2946 372 3028 propterquod
389 2964 566 3013 eoncessum
583 2947 631 3013 est
648 2945 815 3033 epistolare
830 2946 1061 3024 commercium,
1077 2945 1213 3011 uestram

90 3049 222 3131 requiro,
246 3048 386 3113 indicans
416 3047 531 3113 honore
561 3048 758 3115 salutationis
785 3048 912 3132 inpenso
941 3068 1073 3133 puerum
1099 3070 1150 3114 me
1173 3049 1213 3115 ad

91 3150 322 3235 suscipiendum
347 3150 501 3217 caballum
520 3151 675 3217 direxisse.
699 3154 825 3218 tantum
841 3152 887 3216 est
902 3153 938 3218 ut
953 3152 1051 3218 talem
1066 3152 1212 3231 mittatis,

58 3272 184 3337 siquem
213 3258 244 3320 et
271 3272 326 3319 uos
354 3253 473 3320 dedisse
504 3253 620 3320 clareat
650 3255 682 3318 et
710 3272 766 3336 ego
794 3273 851 3337 pro
872 3252 994 3320 honoris
1019 3273 1143 3320 summa
1163 3274 1213 3319 me

90 3358 241 3441 gmrdeam
264 3358 444 3439 suscepisse.

142 3562 265 3615 lucatre
282 3561 310 3615 Β
413 3560 539 3629 neglictis
561 3556 589 3613 Β
691 3559 888 3616 occsaaiouibus
902 3559 934 3640 ,B

139 3663 259 3719 XVIIII.
289 3664 414 3721 somnes
432 3663 460 3717 Β
548 3662 915 3731 dpamIsta1poreatB,
980 3659 1145 3717 aedues

91 3749 124 3805 10
139 3749 330 3818 disperationis
347 3749 375 3803 Β
461 3748 638 3818 inteposuisso
655 3747 684 3805 Β
776 3747 807 3801 11
827 3747 965 3816 petionem
980 3748 1020 3804 13¹
1107 3746 1140 3801 13
1158 3762 1214 3815 pre

90 3852 150 3893 sens
169 3834 197 3891 Β
300 3837 333 3890 15
351 3834 534 3905 responditB
675 3848 688 3857 “

140 3936 199 3994 XX.
237 3940 268 3993 18
286 3954 333 3993 uos
351 3952 403 3995 cuc
422 3938 505 3993 Sim.
606 3938 641 3993 ad
660 3938 687 3993 B
789 3938 823 3992 19
840 3935 987 3992 uelandus
1004 3936 1052 3991 Lt
1151 3935 1214 3989 sut·

90 4026 179 4079 curret
196 4024 223 4078 Β
325 4024 360 4080 20
376 4024 513 4093 presentis
530 4024 560 4078 Β
653 4024 687 4079 ui
706 4022 786 4093 pindo
804 4023 832 4079 L
929 4021 1137 4078 sollicttudiunt
1154 4022 1214 4091 (udi

89 4110 121 4163 s'a
145 4113 213 4177 res.)
240 4108 268 4165 L
370 4124 443 4164 meae
470 4110 657 4178 prosperitatis
683 4108 810 4165 121²er
922 4106 957 4161 22
983 4112 1103 4163 uestrum
1128 4109 1145 4163 b

90 4193 269 4249 24muallum
283 4196 310 4250 Β
397 4194 561 4249 mittatesB
644 4194 879 4265 liqualemccat
894 4193 1018 4249 dotetur
1102 4192 1214 4263 ddgsu·

91 4276 208 4339 dama
