2992 4967
365 344 482 414 Opust.
499 344 538 400 ll.
556 340 715 399 Libellus
732 360 792 413 pre
806 344 941 413 synodo.
1147 344 1217 411 ‘m

134 530 229 610 ‘binis
252 534 400 615 tempore,
422 546 488 614 pro
506 530 654 613 pretiosis
673 530 826 597 siccamus
847 528 945 597 ubera
963 530 1128 614 pnrmbus,
1154 550 1215 615 quc

81 633 209 718 prelum
225 635 372 701 arebam
394 635 522 699 eninm
538 632 680 715 penubix
693 649 804 699 rursu
820 631 964 715 paritura
975 652 1062 710 nnc
1076 634 1215 719 surripit

80 738 181 805 cmm
207 742 277 821 pust
302 736 439 820 primam
455 735 664 803 natiuitaiem
692 736 883 821 prmdaniu
902 736 1217 803 teramnensem·

80 840 203 923 pictur,
225 857 304 923 pune
324 839 406 907 mibi
426 838 546 922 melem
566 840 778 924 mgenemndc
799 838 1217 923 dulcnnfaeiteme‘quam

60 944 206 1029 operari,
227 960 307 1026 qnae
328 945 368 1016 ud
390 960 422 1009 se
445 942 607 1011 cenimina
627 944 752 1009 senium
768 942 853 1009 decit
874 943 1110 1009 emercetur
1127 945 1216 1021 nitro

83 1045 242 1130 principia
263 1045 365 1111 redire
387 1044 574 1123 contractos,
595 1045 669 1127 nnis
684 1045 769 1112 benc
787 1046 987 1125 Μυκη,
1008 1057 1094 1131 repo,
1116 1048 1216 1125 inier-

84 1148 258 1231 pellatione
292 1151 506 1221 commutati.
525 1148 595 1231 quis
629 1166 684 1230 per
714 1146 900 1215 discordiam
933 1148 1080 1231 uiperina
1110 1153 1215 1214 mente

83 1253 242 1317 consitam
276 1250 361 1317 aurei
391 1250 469 1315 mibi
502 1250 619 1315 saeculi
649 1250 736 1317 iubet
758 1253 860 1339 perire
881 1248 1057 1329 beneficia?
1089 1250 1159 1335 qais
1184 1250 1216 1315 in

84 1353 290 1419 renouatlone
312 1372 382 1419 mea
404 1370 547 1419 oceasum
569 1353 781 1419 clandestinus
803 1351 940 1436 inspirat
962 1354 995 1418 et
1009 1370 1064 1437 per
1085 1350 1217 1419 blandae

48 1457 200 1523 ufrontis
229 1460 361 1538 speciem
391 1455 567 1521 inimicitiis
599 1457 681 1521 ubas
705 1456 865 1539 adquirit?
898 1472 1082 1539 generosam
1103 1456 1137 1521 in
1158 1456 1217 1521 tall

84 1560 214 1644 negotio
235 1559 411 1642 prosapiem
432 1576 493 1624 non
517 1574 659 1643 agnosco.
682 1560 712 1623 si
729 1560 783 1641 qni
797 1559 873 1624 sunt
887 1546 1215 1636 tamensnmmorum

84 1681 164 1745 qnos
179 1662 294 1727 nilibns
309 1662 506 1743 tempestatis
521 1660 614 1727 buius
629 1661 766 1745 procella
781 1660 924 1739 sociauit,
946 1660 1020 1727 aliis
1036 1661 1216 1727 auctoribus

85 1766 259 1831 facinorum
281 1764 521 1849 participatione
542 1764 752 1830 maculentur.
786 1764 933 1848 splendor
955 1764 1134 1849 sanguinis,
1156 1765 1217 1830 etsi

86 1866 337 1935 communionem
360 1864 528 1933 criminum
550 1868 692 1941 incurrit,
715 1866 816 1932 nescit
831 1870 937 1933 tumen
952 1866 1063 1934 ducem
1078 1886 1111 1933 se
1126 1885 1216 1950 prae·

49 1988 76 2029 1⁵
85 1973 161 2037 bere
183 1971 392 2053 peccantibus.
428 1970 540 2037 habeat
563 1967 694 2036 forsitan
716 1969 838 2034 reatum
854 1968 892 2033 de
907 1968 1049 2054 neglecta
1062 1969 1216 2051 cantione,

85 2093 149 2141 non
183 2073 277 2139 habet
310 2074 439 2157 dignum
471 2072 660 2156 supplicium
684 2073 722 2137 de
748 2071 902 2137 scelerum
935 2071 1124 2155 prinoipatn.
1158 2074 1217 2140 sub

87 2174 225 2259 quadum
257 2176 445 2241 uerecundia
482 2174 625 2259 iungitur
657 2175 912 2259 delinquentibus
945 2176 1000 2259 qui
1034 2177 1073 2239 ad
1110 2177 1218 2241 adulta

87 2280 191 2363 iurgia
212 2283 415 2345 conducatur:
440 2296 500 2343 non
523 2279 663 2344 meretur
684 2278 933 2359 desperationem
956 2277 1079 2361 perditi,
1101 2278 1134 2342 in
1156 2296 1216 2360 quo

88 2384 191 2449 facilis
215 2385 339 2448 tantum
362 2382 530 2448 credulitas
551 2380 746 2463 inprobatur.
781 2399 837 2446 uos
860 2382 962 2463 potius
985 2381 1093 2459 uideo,
1123 2380 1216 2446 triui-

51 2500 178 2552 worum
211 2485 361 2571 germina,
395 2501 450 2549 uos
482 2502 622 2569 agnosco,
656 2484 688 2549 in
717 2482 830 2565 quibus
861 2486 990 2551 naturae
1013 2484 1120 2550 uilitas
1142 2501 1217 2549 con·

88 2588 252 2669 uenientes
273 2586 334 2653 sibi
357 2604 458 2653 mores
482 2588 613 2669 peperit,
635 2604 711 2670 quos
734 2586 939 2668 degenerasse
962 2586 1090 2652 claritas
1105 2586 1216 2663 iuerat,

87 2690 144 2773 qui
164 2708 220 2773 per
247 2690 398 2755 mentitae
426 2689 556 2756 titulum
585 2688 743 2775 religionis
774 2690 919 2771 gaudetis
942 2689 1119 2773 inpunitate
1140 2688 1216 2753 niti·

87 2811 188 2872 orum,
212 2811 343 2875 quorum
366 2791 449 2858 labia
470 2810 642 2875 numquam
666 2791 895 2858 cuthenorum
917 2809 1010 2875 sapor
1033 2789 1141 2877 tetigit
1162 2795 1217 2855 ant

88 2895 213 2978 qnietis,
236 2894 290 2979 qui
311 2893 359 2961 las
382 2913 472 2961 omne
495 2895 609 2979 origini
631 2895 765 2978 parendo
781 2894 918 2973 uiolatis.
942 2911 1017 2978 qnos
1032 2895 1071 2960 de
1086 2892 1215 2959 latebris

52 3002 121 3062 sset
143 2996 296 3081 specubus
325 2998 491 3080 productos
521 3015 667 3081 praesens
697 3015 791 3063 eausa
821 2996 1018 3064 monstrauit.
1053 2997 1122 3079 quis
1145 3000 1217 3062 ante

141 3272 322 3341 iprueciosis
341 3270 453 3327 BLTV
553 3272 681 3327 siccamus
699 3287 751 3327 om.
768 3273 823 3329 Bm
927 3245 1050 3359 pertibus
1067 3271 1131 3336 BT,
1160 3286 1218 3342 pcr-

87 3372 230 3431 tibuslim
327 3374 473 3443 dganitrir
486 3372 569 3428 m
663 3373 1018 3443 dgrandanisABLBTV
1108 3375 1217 3430 dotibus

87 3478 148 3533 Lm
251 3478 321 3532 alius
345 3476 374 3533 Β
476 3478 618 3547 impleatur
641 3479 693 3544 (ai
711 3480 793 3545 mue.)
817 3476 845 3533 Β
947 3478 1127 3535 bannientes
1149 3476 1217 3533 iacit

88 3584 115 3639 Τ
217 3584 276 3639 uita
293 3585 320 3638 Δ
422 3583 708 3655 dinterpellationem
727 3584 783 3640 ΔΒ
886 3584 1078 3639 'loommittet
1094 3583 1148 3637 Aa

86 3690 105 3745 8
123 3688 255 3743 consitam
267 3688 374 3757 scripsi,
397 3688 562 3757 conpositam
576 3686 641 3741 labri
731 3686 749 3740 9
767 3684 945 3741 claudistinus
962 3685 998 3750 Β,
1026 3684 1217 3739 clamdestinus

86 3808 150 3877 BT,
178 3807 373 3863 clandestinum
391 3806 419 3861 Δ
521 3824 568 3876 per
585 3808 620 3877 b.]
638 3822 687 3877 pro
699 3805 803 3862 bundas
819 3806 847 3862 Β
951 3806 985 3860 10
1000 3770 1105 3888 frondic
1126 3804 1152 3857 V

86 3910 214 3981 adquiret
231 3909 259 3965 Β
361 3910 546 3966 locutoribus
567 3912 598 3979 T,
625 3910 733 3965 auribus
752 3909 779 3963 B
884 3909 917 3963 14
934 3923 1101 3964 communem
1121 3908 1149 3962 Β

88 4016 123 4069 15
146 4012 245 4068 babeet
268 4012 308 4079 Β,
334 4012 416 4067 habet
440 4013 598 4070 ALBTVb
712 4012 839 4068 domitan-
862 4011 888 4067 T
1003 4011 1035 4067 16
1057 4010 1217 4080 subplicium

86 4101 116 4154 A
220 4100 253 4154 18
270 4098 476 4169 disperationem
494 4097 522 4153 Β
624 4100 657 4155 19
674 4099 819 4154 erudelitas
837 4097 893 4153 Tm
910 4104 937 4152 ct
955 4096 1038 4153 Stra
1138 4095 1218 4151 tribi-

88 4184 210 4240 erumB
306 4183 514 4239 illedilitneri
608 4184 823 4241 dibonommb
920 4182 1150 4254 ddomuemAR

87 4272 261 4343 assperitas
278 4272 306 4327 Β
410 4270 554 4341 productus
572 4272 600 4326 Β
703 4288 809 4328 cauam
827 4271 894 4327 BV*
