2992 4967
424 309 660 399 Epistularum
685 330 774 386 libor
791 330 883 389 vnn.

600 520 707 589 XIIII.

374 654 548 713 HLLPIDIO
570 656 729 715 undoso
751 656 944 715 andonius

134 764 219 829 Dens
241 760 440 827 sanctitatem
462 762 551 829 tuam
567 762 798 829 misericordiae
819 782 895 830 snae
916 767 949 830 ot
971 765 1092 848 gratiae
1113 780 1219 847 prose·

91 870 204 948 quatur
227 862 417 949 insignibus,
440 863 494 947 qui
520 864 557 929 de
591 865 775 931 humilitate
805 884 963 931 mearam
985 866 1081 933 amici
1101 865 1220 933 faciens

66 966 232 1053 sdignaris
266 986 332 1035 esse
364 966 517 1033 sollicitus
555 970 588 1033 et
622 986 671 1032 me
704 986 850 1053 meosque
882 969 1042 1051 premitus
1063 968 1216 1051 pocudari

89 1070 255 1137 affectione
278 1072 308 1136 te
331 1070 439 1135 colere.
475 1071 548 1150 scio,
573 1072 646 1154 qnia
668 1072 742 1137 deus
765 1073 917 1158 propitius
933 1072 994 1137 tibi
1016 1072 1061 1137 sio
1081 1073 1218 1156 gratiam

89 1172 205 1239 inuicti
227 1173 375 1257 principis
391 1173 534 1253 contulit,
558 1177 595 1238 ut
611 1174 773 1240 humilitas
785 1173 998 1241 ecclesiastica
1014 1192 1075 1239 non
1090 1174 1218 1260 periret.

88 1295 173 1354 nere,
209 1278 319 1342 domne
342 1276 476 1358 Helpidi,
512 1278 540 1341 si
567 1277 714 1361 dignatur
736 1280 806 1363 pius
828 1296 882 1343 rer
904 1279 942 1343 de
963 1294 1052 1344 seruo
1075 1294 1130 1344 sno
1153 1296 1219 1343 esee

88 1379 257 1459 sollicitus,
275 1383 309 1445 tu
325 1378 440 1456 fecisti,
457 1380 544 1445 cuius
559 1379 664 1446 animo
682 1380 789 1446 nullus
803 1380 973 1447 amicorum
991 1381 1091 1447 uidem
1105 1382 1219 1465 poterit

53 1502 265 1566 rerepensare.
312 1482 392 1547 scias
427 1500 476 1547 me
510 1484 615 1548 tamen
646 1484 760 1549 cotidie
789 1483 912 1549 diuersa
934 1482 1041 1567 adfligi
1064 1482 1219 1567 qualitate

88 1587 280 1662 morborum,
305 1584 350 1651 ita
371 1586 408 1648 ut
430 1588 466 1649 de
489 1585 557 1651 uita
579 1588 750 1670 desperem.
774 1604 846 1672 rogo
870 1589 974 1653 tamen
996 1587 1111 1653 honore
1132 1584 1219 1653 salu·

89 1689 219 1755 tationis
243 1690 382 1772 accepto,
412 1690 447 1753 ut
474 1691 624 1755 domnum
646 1690 799 1755 Faustum
821 1694 853 1754 et
874 1688 956 1755 filios
978 1688 1075 1771 ipsius
1099 1706 1218 1756 memor

87 1794 211 1859 animae
238 1793 310 1857 tuae
338 1791 500 1857 sinceriter
529 1792 641 1877 diligas
671 1796 702 1857 et
730 1811 786 1875 pro
814 1810 886 1857 mea
914 1792 1033 1873 anima,
1065 1796 1218 1875 quantum

88 1895 264 1978 praeualos,
288 1911 374 1959 orare
396 1912 457 1959 non
481 1912 598 1974 cesses,
628 1894 703 1979 quia
730 1912 793 1959 non
815 1898 967 1961 remansit
989 1896 1022 1959 in
1043 1896 1114 1961 luco
1137 1896 1219 1979 quod

54 2017 222 2081 resperem.
266 2014 340 2081 rogo
364 1998 478 2077 etiam,
509 1999 546 2063 ut
566 2017 616 2063 me
639 1998 797 2081 frequenti
820 2000 955 2083 digneris
977 2000 1115 2083 alloquio
1137 1999 1170 2063 et
1191 2001 1219 2065 si

89 2102 224 2167 domnus
258 2102 364 2166 noster
396 2100 435 2165 ad
457 2101 617 2185 Liguriam
645 2104 796 2168 uenturus
825 2104 875 2167 est
897 2101 1043 2168 intimare
1064 2119 1218 2184 procuras.

622 2286 690 2351 XV.

431 2404 615 2462 ENNODIVS
639 2406 875 2463 S'IEPHANIAE.

132 2514 219 2579 Bene
250 2517 297 2579 est
324 2513 429 2579 culmo
452 2530 538 2592 meo,
563 2512 643 2597 quod
664 2515 832 2596 grauatum
855 2515 976 2597 peccati
998 2515 1082 2581 fasee
1104 2515 1217 2581 memi-

53 2617 184 2687 sonistis
207 2620 238 2681 et
262 2616 435 2683 interillos
458 2616 540 2681 sacri
563 2616 695 2699 pectoris
719 2634 819 2698 curas,
844 2618 996 2698 quantum
1011 2619 1162 2699 epistolae
1179 2619 1218 2684 ad

88 2720 240 2785 domnum
263 2718 417 2785 Auienum
439 2718 613 2786 destinatae
636 2718 859 2797 manifestant,
884 2737 1031 2801 personae
1053 2739 1142 2785 meae
1157 2739 1219 2787 non

89 2824 222 2905 emergit
245 2824 370 2889 obliuio.
416 2823 614 2907 deogratias
647 2840 716 2908 ago,
747 2824 801 2905 qui
835 2841 889 2905 per
922 2822 1096 2888 indebitam
1118 2822 1219 2889 delin-

89 2926 260 3007 quentibus
284 2925 482 2992 clementittm
511 2926 605 2991 solita
632 2926 832 2990 miseratione
856 2926 1021 3005 succurrit,
1057 2925 1132 2991 dum
1166 2946 1218 2992 eos

89 3028 272 3093 sanctarum
296 3029 469 3094 animarmn
494 3028 715 3093 intercessione
736 3030 902 3096 mstcntat.
930 3048 993 3095 non
1015 3028 1115 3108 credo,
1138 3033 1219 3113 qnod

52 3159 80 3201 ιι
89 3132 175 3197 rnter
199 3132 352 3198 orationes
375 3132 536 3197 deseratur
553 3150 645 3214 quem
661 3132 810 3199 nobilitat
775 3134 837 3199 ais
852 3133 998 3215 alloquio.
1019 3133 1122 3199 saluto
1090 3138 1219 3217 tergo

90 3235 274 3301 humilitate
296 3253 358 3317 qua
380 3237 509 3319 dignum
532 3240 620 3301 este
622 3237 742 3320 t,rogo
766 3236 804 3299 ut
825 3237 875 3302 illi
891 3234 1020 3302 adsidua
1042 3236 1218 3302 orationum

90 3337 213 3403 donetis
236 3338 394 3423 suffragia,
419 3356 512 3420 quem
536 3337 844 3403 commemorationis
865 3338 995 3423 pascitis
1018 3340 1172 3405 ubertate

142 3524 236 3579 mli.
271 3523 419 3595 nhilpidio
437 3522 576 3579 BLPTV
669 3522 739 3577 disci
757 3522 785 3576 B
885 3523 1001 3578 tractes
1017 3524 1045 3577 B
1143 3524 1218 3578 sdi-

89 3628 187 3683 gnaree
209 3612 236 3665 Β
341 3614 368 3666 et
392 3612 442 3681 me]
468 3627 509 3665 me
532 3625 587 3697 esse
606 3611 633 3664 et
657 3609 684 3662 Β
788 3625 911 3679 meosque
935 3610 961 3664 Β
1064 3609 1218 3664 dracoleno

93 3716 117 3768 T
217 3714 298 3767 sitT
398 3684 629 3793 'laecclesiastica
652 3712 679 3765 Β
783 3709 1165 3780 nhilpidiPTV‚hi1pidis
1183 3710 1219 3775 Β,

89 3817 207 3887 nhilpidi
225 3817 252 3872 L
347 3816 380 3871 10
398 3788 513 3871 cotidiae
532 3815 559 3870 Β
653 3811 741 3868 addici
761 3813 788 3867 B
883 3814 915 3867 11
935 3812 1068 3884 desperem
1086 3812 1137 3879 Po,
1164 3813 1218 3867 dia·

89 3935 179 3990 peram
206 3920 315 3976 BLTV
425 3920 458 3975 12
484 3920 593 3989 adcopto
622 3917 649 3971 Β
751 3916 824 3970 illius
850 3915 878 3969 Β
988 3916 1021 3969 13
1047 3914 1137 3970 aalma
1160 3932 1218 3971 mea

90 4006 174 4063 Sim.
281 4008 313 4061 14
339 4006 471 4077 praeualis
499 4005 526 4059 B
629 4006 709 4059 cessis
733 4002 761 4057 Β
863 4001 992 4055 remansis
1015 4001 1100 4056 B
1148 4000 1218 4071 quod

91 4094 162 4161 qnod
179 4093 208 4148 Β
312 4094 344 4147 16
362 4092 396 4147 sd
414 4092 453 4162 L]
472 4090 628 4162 alligariam
647 4091 674 4146 L
777 4090 897 4158 procuris
914 4088 942 4141 Β

141 4178 201 4235 XV.
234 4180 267 4234 18
285 4178 415 4248 stephana
432 4179 460 4233 L
552 4179 587 4233 20
604 4178 727 4247 pectoris]
746 4175 893 4245 peccatorIs
910 4174 938 4229 Β
1032 4175 1065 4229 21
1084 4173 1218 4228 demeto

91 4266 146 4321 BL
241 4266 275 4319 25
293 4264 421 4321 orationis
439 4265 467 4320 B
563 4264 596 4319 16
614 4279 681 4335 quoa
699 4264 719 4332 (i
732 4266 815 4331 cros.)
833 4262 860 4316 L
955 4261 988 4315 ni
1006 4261 1122 4331 pascetis
1139 4258 1168 4313 Β
