2992 4967
1181 397 1229 443 XV

101 560 216 645 quibus
246 578 338 644 opera
361 558 445 625 exB
473 560 639 642 desumpta
668 560 833 641 excellunt,
863 581 901 627 ne
932 561 1075 629 diuinare
1103 564 1229 647 quidem

100 668 221 751 posset.
255 682 383 730 suorum
405 666 509 729 autem
532 662 676 730 codimm
698 682 754 747 ope
777 668 809 729 et
831 682 911 747 quse
927 664 1116 732 Basileeusis
1133 668 1229 733 editio

102 769 251 835 omiserat
278 766 312 831 in
341 766 442 832 lucem
470 765 592 849 prodire
620 764 710 830 iussit
733 771 764 832 et
786 766 959 833 orationem
980 769 1009 833 si
1032 788 1091 835 non
1115 770 1229 853 ubique

100 871 275 955 genuinam
296 872 404 936 tamen
426 868 558 934 latinam
580 870 726 953 reddidit,
747 888 809 952 qua
830 870 864 935 in
879 889 912 936 re
934 874 1076 938 emunata
1097 873 1230 954 posteri·

104 993 193 1040 orum
210 978 400 1057 scriptorum
416 974 590 1057 cognitione
605 972 822 1040 adiuuabatur.
846 993 939 1058 quem
954 975 1086 1058 denique
1101 994 1230 1058 operum

103 1096 223 1143 nouum
253 1078 392 1143 ordinem
419 1076 569 1159 instituit,
602 1078 628 1142 is
651 1078 777 1160 quidem
800 1096 861 1144 non
883 1098 921 1144 eu
943 1081 1028 1145 omni
1049 1080 1137 1162 parte
1158 1096 1230 1162 pro-

106 1182 171 1247 bari
202 1183 312 1265 potest,
344 1198 414 1246 onrn
436 1180 470 1245 in
492 1178 672 1246 terminum
695 1198 823 1248 numero
850 1183 990 1265 posuerit
1023 1202 1101 1267 quae
1129 1181 1230 1248 Dicti-

105 1286 218 1351 onibus
251 1282 481 1350 adnumeranda
513 1286 603 1349 eraut
626 1285 658 1350 et
687 1284 852 1350 fallacibus
885 1284 1073 1370 lubricisque
1107 1284 1231 1352 indiciis

103 1405 181 1453 usus
204 1407 283 1471 quas
305 1388 519 1471 Epistularum
542 1386 783 1472 (terminumque
812 1406 923 1472 genero
951 1408 1013 1455 nou
1036 1391 1232 1457 continentur

105 1490 138 1555 in
162 1488 319 1574 Opuscula
341 1490 373 1555 et
394 1488 553 1555 Dictiones
577 1490 736 1567 diuisorit;
768 1509 840 1556 eum
861 1490 979 1569 umen,
1008 1510 1046 1557 ns
1067 1492 1101 1556 in
1123 1511 1158 1556 re
1179 1494 1231 1559 ad·

104 1593 236 1659 modum
257 1593 355 1659 dubia
376 1593 464 1658 nonis
480 1593 664 1659 coniecturis
687 1593 883 1676 indulgerem
899 1597 932 1659 et
953 1594 1126 1678 legentium
1150 1612 1232 1659 com·

105 1696 254 1761 meditati
277 1696 377 1779 magis
399 1696 504 1761 obessa
528 1712 622 1778 quam
637 1696 780 1777 prodesse
795 1694 927 1777 uiderer,
950 1696 1150 1761 retinendum
1165 1714 1232 1762 esse

104 1800 191 1865 duxi.
228 1799 479 1883 antiquuseuim
504 1797 644 1864 codicum
668 1799 752 1882 ordo,
782 1798 836 1883 qui
858 1816 920 1864 non
942 1798 982 1865 ab
1005 1802 1130 1864 auctore
1153 1800 1231 1881 ipso,

106 1905 163 1969 sed
184 1905 256 1987 post
278 1902 344 1967 eius
366 1904 497 1968 mortem
521 1904 628 1985 opinor
651 1920 670 1969 a
691 1902 851 1986 discipulo,
875 1902 928 1986 qui
952 1902 1095 1985 magistri
1118 1902 1233 1984 scripta

106 2009 190 2074 unde
213 2006 294 2072 unde
318 2006 444 2090 collegit
465 2005 623 2088 proiectus
638 2008 669 2069 et
684 2004 736 2071 hic
756 2006 824 2071 illic
846 2005 1090 2071 describentium
1113 2006 1233 2073 incuria

107 2110 297 2176 immutatus
320 2112 377 2187 est,
400 2108 486 2173 nullo
508 2110 600 2191 pacto
623 2108 760 2174 editions
784 2107 1011 2191 repraesentari
1033 2108 1145 2192 potuit.

152 2402 192 2467 In
220 2400 374 2468 codicibus
402 2403 506 2465 autam
536 2418 610 2483 quos
640 2398 790 2483 descripsi
819 2400 951 2465 llnnodii
979 2399 1100 2483 scripta
1120 2400 1179 2466 hoc
1199 2418 1234 2467 ιθ
1264 2412 1372 2464 uruntur.

105 2503 218 2569 ordine
241 2502 409 2586 excipiunt:
1292 2480 1344 2523 orco

1250 2549 1386 2598 scriptorum

109 2640 216 2707 Dictis
238 2640 254 2704 Ι

106 2741 244 2809 Carmen
266 2740 282 2807 Ι
304 2742 325 2807 6

109 2844 216 2911 Distio
240 2844 301 2909 Vll

109 2946 272 3031 Epistulae
298 2946 418 3011 11-4

110 3050 304 3132 Opusculnm
329 3048 387 3114 Vll

109 3152 273 3236 Epistulas
297 3150 313 3215 I
335 3148 419 3215 5-9

110 3254 307 3337 Opusculnm
331 3252 426 3318 VIIII

110 3357 273 3441 Epistulae
295 3356 312 3422 Ι
337 3356 463 3422 10-20

108 3459 260 3527 Carmina
281 3459 298 3524 Ι
322 3458 350 3523 7.
375 3458 395 3524 8

108 3562 275 3645 Epistulae
297 3561 313 3626 I
336 3560 489 3626 21-119

107 3664 248 3731 Carmen
270 3664 286 3729 Ι
308 3665 328 3731 9

109 3768 275 3849 Epistulae
297 3766 330 3832 ΙΙ
353 3767 403 3833 10.
431 3766 466 3830 11
574 3780 1130 3851 Epist.11100m.'1'adnotsusrlrs'cdcest
1141 3786 1237 3850 coptos

106 3869 248 3936 Carmen
272 3867 345 3934 ΙΙΙ

111 3974 275 4055 Epistulae
298 3970 331 4037 ΙΙ
355 3970 404 4036 12.
430 3969 469 4035 13

111 4074 310 4157 Opusculnm
332 4071 366 4137 ΙΙ

110 4174 248 4243 Ommeu
271 4176 305 4242 II
327 4176 347 4240 2

109 4279 277 4363 Epistulae
289 4280 323 4345 II
336 4278 471 4343 14-111
484 4279 504 4345 3
