2992 4967
444 1148 895 1263 oudilonis,

655 1438 681 1507 Ι.

146 1644 290 1714 DICTIO
322 1644 370 1713 IN
402 1643 564 1715 uncini
597 1644 814 1713 usvundun
847 1640 1190 1713 mcnlonnnnnsls

570 1766 771 1837 EPISCOPI.

146 1952 311 2039 Quousque
333 1973 383 2020 me
405 1956 488 2023 iners
510 1952 685 2021 diffidentia
707 1956 791 2021 intra
813 1956 981 2037 angustum
1003 1952 1122 2036 petitur
1136 1970 1231 2038 pene-

74 2057 184 2124 strale
219 2056 421 2123 delitescere?
465 2074 622 2144 quousque
656 2054 755 2123 nimia
790 2058 892 2124 cautio
926 2054 1076 2123 terminos
1109 2054 1233 2122 honesti

100 2160 227 2226 timoris
258 2178 442 2245 exsuperans
472 2160 634 2244 dispendia
664 2158 826 2246 opinionis,
847 2178 926 2245 quae
954 2158 1047 2239 uitat,
1071 2160 1234 2225 incuncta

99 2282 162 2329 usu
184 2260 268 2330 enim
282 2283 388 2331 rerum
403 2262 491 2331 uenit
506 2264 587 2330 inter
603 2264 755 2345 homines,
778 2264 824 2342 ut,
842 2257 994 2347 quantum
1009 2262 1112 2329 famae
1127 2262 1233 2329 decer·

100 2368 190 2450 pitur
212 2384 268 2449 per
291 2368 461 2445 audaciam,
481 2365 671 2451 superfluum
688 2381 749 2432 non
766 2366 870 2436 minue
885 2368 992 2450 pereat
1006 2384 1060 2451 per
1075 2364 1231 2432 timorem.

102 2490 165 2537 non
189 2472 272 2538 enim
295 2472 388 2539 debet
411 2474 511 2539 notari
529 2472 618 2541 uelut
633 2490 742 2538 auaree
758 2473 857 2539 laudis
879 2473 1070 2559 adsumptor‚
1094 2487 1156 2537 non
1178 2468 1233 2537 ed-

61 2572 201 2643 rescribi
230 2574 341 2660 cupido
372 2574 538 2642 affectatae
568 2572 741 2641 deuotionis
765 2574 921 2654 ostentui,
954 2576 1035 2658 apud
1064 2590 1158 2657 quem
1184 2591 1233 2639 res

101 2676 235 2742 obnoxia
248 2674 380 2763 pudor<i
398 2676 533 2763 amor>is
549 2677 684 2743 stimulis
700 2675 811 2743 adacta
827 2673 1001 2761 conpletur,
1017 2675 1090 2758 quia
1104 2676 1185 2740 sicut
1199 2674 1233 2739 in

102 2779 251 2846 umbram
266 2780 350 2865 cogit
364 2780 481 2867 gloriae
496 2782 666 2867 appetitus,
682 2784 820 2847 oratione
833 2784 908 2849 dum
923 2782 1094 2863 quaeritur,
1110 2782 1156 2845 ita
1171 2794 1233 2844 non

104 2880 232 2951 reddere
247 2879 330 2967 quod
346 2882 453 2950 deberi
468 2886 592 2951 noueris
613 2884 844 2971 proximitatem
860 2884 962 2951 noctis
977 2882 1096 2949 indicit.
1125 2898 1234 2967 super·

103 2986 167 3052 flua
188 2988 325 3054 scribere
345 3006 395 3053 res
410 2988 580 3054 iactantiae
596 2990 666 3055 est:
689 2986 864 3057 necessaria
883 2983 1013 3054 retic'ere
1029 2988 1233 3069 contemptus.

67 3109 194 3175 uesaepe
216 3088 455 3173 uituperationie
484 3093 608 3158 nostrae
631 3094 732 3158 mater
759 3095 807 3158 ost
829 3090 964 3159 doctoris
986 3090 1143 3156 occultata
1164 3089 1233 3156 lau·

105 3193 201 3257 datio.
217 3192 302 3259 dicat
319 3192 451 3260 iorsitau
466 3194 579 3277 eliquia
594 3195 698 3260 animo
714 3194 904 3278 consulendi,
920 3193 1001 3278 quod
1013 3195 1115 3277 operis
1126 3210 1235 3278 pressa

104 3295 325 3381 magnitudine
339 3297 481 3364 exhausti
496 3296 611 3363 macies
628 3301 751 3364 arescat
764 3298 882 3382 ingenii
898 3303 929 3364 et
944 3297 1096 3366 destituta
1111 3295 1235 3363 dicendi

104 3398 283 3465 ualitudine
310 3400 481 3484 garrulitas
509 3399 664 3467 deiectum
694 3402 849 3467 mercetur
870 3420 907 3467 ex
928 3401 1030 3484 copie:
1059 3417 1114 3466 ceu
1142 3399 1170 3464 si
1202 3399 1234 3462 iu

157 3686 182 3743 1.
210 3688 300 3744 Dictio
318 3692 426 3747 ennodii
446 3690 535 3761 (enodi
553 3678 578 3749 d.
596 3692 632 3757 L,
656 3690 753 3747 ennodi
772 3691 804 3746 ds
823 3690 859 3763 V)
877 3692 906 3746 in
925 3692 1012 3747 natali
1030 3691 1147 3747 laurenti
1166 3691 1233 3757 (leu-

102 3793 186 3847 rentii
207 3792 242 3860 T)
258 3780 471 3849 'mediolanensis
495 3794 652 3865 (mediolani
667 3792 708 3858 Β,
737 3780 871 3851 mediolai
888 3796 928 3864 Β)
951 3783 995 3866 epi
1015 3797 1100 3851 mor.
1118 3790 1237 3875 anm

102 3893 180 3932 sacra
202 3879 289 3949 prima
312 3897 347 3937 cor
369 3896 419 3935 eao
442 3880 507 3936 cdd.
532 3880 614 3937 Sina.
725 3880 743 3934 5
764 3880 917 3937 delitiscere
940 3881 968 3936 Β
1076 3882 1093 3936 6
1116 3880 1234 3953 timoris]

103 3963 248 4033 pudorist
352 3965 441 4023 euitat
463 3967 511 4023 Po
613 3968 793 4023 Saudatiam
815 3966 901 4024 ΜΨ
1001 3968 1018 4023 9
1042 3970 1067 4023 ei
1085 3967 1184 4023 ascribi
1208 3966 1237 4022 L

106 4046 180 4103 ΤΠ)
300 4052 334 4107 10
362 4052 488 4107 affectate
516 4053 544 4107 B
669 4054 697 4109 ll
729 4050 824 4122 pudori
851 4055 950 4110 amoris
974 4056 1089 4124 serape,
1122 4052 1237 4124 pudoris

100 4133 169 4188 lclri
269 4134 302 4189 14
319 4152 361 4191 res
378 4152 429 4192 om.
447 4138 475 4190 Β
492 4141 583 4208 spatio
600 4154 689 4195 cocao
706 4140 757 4194 rel.
862 4138 896 4195 lc
912 4138 1041 4194 occultati
1060 4138 1168 4195 mv

103 4220 137 4273 16
155 4220 283 4275 etnnlmo
301 4221 347 4277 Po
436 4236 541 4290 praessa
559 4224 644 4280 BLV
737 4224 770 4279 11
788 4224 892 4279 erauatl
909 4224 937 4278 B
1022 4225 1120 4280 educat
1138 4224 1167 4279 Β

103 4306 137 4359 18
155 4306 234 4373 cupio
250 4306 278 4360 Β
