2992 4967
431 337 667 407 Epistularum
689 334 779 391 liber
796 335 865 391 IIII.
1150 336 1216 405 115

84 530 231 597 enuntio
246 528 438 595 commutare
460 528 493 593 et
507 525 687 611 rubiginem
709 524 892 593 rusticantis
916 522 1032 609 eloquii
1045 524 1212 593 fabrilibus

83 632 195 699 studiis
209 650 362 711 amouere,
377 634 450 715 qnia
460 632 541 697 siout
555 632 704 697 damam
716 629 856 695 oarimtis
871 632 920 695 est
930 628 1215 713 primumcnpienln‘

85 752 143 801 non
167 733 311 803 dedicare
331 752 521 812 eumenem,
549 735 596 799 ita
616 733 833 816 promulgatae
866 732 1030 817 scriptioni
1050 731 1214 799 silentium

84 838 213 905 reddere
236 854 292 903 nec
312 837 470 903 amicitiae
488 836 599 903 suadet
613 836 764 903 memoria
778 853 836 901 neo
849 834 985 919 pudoris
1007 852 1092 901 nuno
1106 839 1215 901 umes

63 941 215 1007 succeseit
234 940 277 1005 ed
298 941 428 1025 genium
456 958 561 1005 meum
583 940 666 1022 qnod
686 939 818 1024 paginae
850 937 1023 1023 imperasti,
1056 938 1117 1004 etei
1137 939 1212 1005 sub·

86 1044 223 1111 trahitur
244 1045 434 1123 testimonio,
458 1042 539 1126 quod
561 1060 731 1127 numquam
753 1043 787 1107 in
810 1060 916 1109 amore
937 1041 1019 1107 uires
1041 1041 1213 1125 interrogo.

86 1146 221 1213 lacesset
244 1146 283 1212 ab
307 1146 441 1231 ingeniis
456 1146 653 1226 liberalibus,
683 1146 719 1211 ut
741 1145 849 1211 credas
871 1145 988 1211 necem
1010 1164 1075 1211 esse
1095 1144 1212 1210 intole-

85 1250 228 1329 rabilem,
253 1269 346 1333 quem
368 1248 487 1316 amiens
509 1249 640 1333 inponit.
673 1251 710 1315 tu
732 1250 858 1314 tantum
880 1248 987 1314 exucta
1020 1247 1212 1330 conplectere

86 1353 118 1419 et
132 1371 299 1420 censuram
314 1352 467 1437 'castigans
483 1351 608 1418 rancida
623 1351 821 1417 indicantum
835 1350 951 1434 depone
966 1348 1100 1415 fastidia.
1124 1348 1207 1415 absit

55 1476 104 1521 1ca
125 1458 157 1521 te
180 1474 253 1523 eum
275 1475 336 1522 non
358 1456 460 1521 fouere
483 1455 536 1537 qni
551 1455 665 1538 paruit.
689 1452 723 1520 in
745 1473 833 1537 spem
849 1452 970 1519 altioris
992 1452 1098 1518 meriti
1114 1451 1214 1517 trahi·

88 1564 147 1641 tur,
172 1559 298 1625 etiarnsi
321 1558 426 1624 ueniet
449 1578 467 1623 a
489 1560 614 1624 moneta
642 1556 770 1637 triniali,
795 1557 849 1640 qui
871 1555 930 1621 tibi
952 1555 1125 1637 inpositum
1148 1554 1210 1621 oris

88 1662 281 1746 mancipabit
304 1662 495 1744 obsequium.
518 1678 590 1745 ergo
613 1661 692 1744 nale,
727 1660 771 1723 mi
792 1660 928 1739 domine,
951 1660 1025 1742 quia
1048 1660 1117 1724 nolo
1140 1656 1208 1722 lieri

88 1762 207 1847 prolixa
229 1784 308 1849 quae
330 1784 390 1831 non
412 1767 484 1830 sunt
512 1764 552 1829 ad
580 1753 835 1849 perpendiculum
867 1760 1020 1828 fabricato
1043 1758 1214 1844 conloquia.

89 1868 123 1932 tu
143 1886 278 1933 meeeem
299 1865 418 1953 gratim
440 1867 527 1934 iuxta
546 1865 691 1933 fiduciam
712 1885 814 1931 meam
837 1867 999 1948 tamquam
1015 1862 1092 1930 uber
1113 1863 1216 1929 solum

57 1972 227 2055 eremitae,
251 1970 325 2054 quia
345 1970 379 2035 iu
402 1974 456 2036 tuo
477 1970 607 2054 posthac
630 1972 689 2035 erit
712 1968 852 2049 arbitrio,
886 1969 913 2034 si
936 1966 1042 2035 crebro
1065 1966 1213 2054 epistolas

89 2092 171 2137 meas
195 2074 334 2155 occipere
355 2074 498 2153 uolueris,
522 2072 570 2137 his
593 2092 643 2138 me
666 2072 782 2139 muniis
804 2072 949 2137 inuitare.

583 2258 722 2325 XXIIII.

474 2396 659 2453 IINNODIVS
687 2395 832 2453 FAVSTO.

130 2520 234 2604 Aeger
249 2518 371 2585 animm
386 2520 467 2587 sicut
483 2518 607 2585 silentIa
629 2536 689 2585 non
704 2520 835 2601 patitur,
850 2516 899 2584 ita
914 2534 1092 2600 processum
1107 2534 1215 2585 narra

58 2621 181 2687 ationis
216 2622 353 2689 abierat:
393 2621 613 2689 contestationi
647 2622 795 2689 maeroris
827 2638 886 2686 neo
919 2619 1121 2686 taciturnitas
1156 2635 1214 2685 nec

89 2726 252 2811 conloquia
284 2726 403 2810 probra
429 2725 636 2791 conueniunt:
670 2724 792 2790 artatur
814 2723 929 2806 pagine
962 2722 1013 2787 eni
1047 2721 1099 2787 nix
1130 2723 1214 2787 inter

89 2830 227 2908 gemitus
249 2830 345 2894 uerba
367 2828 557 2895 tribuuntur.
580 2828 633 2895 sed
655 2827 730 2910 quid
753 2826 861 2893 adsero
876 2826 1002 2909 linguae
1025 2824 1119 2891 feriae
1141 2824 1214 2907 plur

91 2928 243 3013 loquendo
266 2932 298 2997 et
319 2933 459 2999 coactam
481 2931 661 2997 necessariis
679 2931 846 3014 epistulam
863 2928 1008 2995 terminis
1029 2928 1215 3013 garrulitate

90 3034 258 3115 polliceor?
280 3038 373 3101 deum
396 3054 522 3119 quaeso,
556 3038 591 3100 ut
613 3037 760 3101 anxietati
782 3052 871 3101 meae
889 3035 928 3100 de
948 3032 1115 3098 manifesto
1137 3048 1210 3115 pros

59 3134 249 3217 asperitatis
264 3139 384 3204 nestrae
398 3138 558 3204 succurrat
580 3136 704 3204 indicio.
727 3138 782 3203 ille
797 3136 946 3202 admittat
961 3136 1107 3202 laorImas
1119 3150 1216 3213 meas,

93 3239 141 3303 cni
162 3242 268 3307 clausa
290 3258 341 3307 ora
363 3240 553 3317 fabulantur,
589 3242 639 3306 cni
662 3238 702 3307 ad
731 3240 856 3324 plenam
890 3239 1078 3324 legationem
1100 3236 1218 3304 sufficit

90 3358 127 3406 ex
149 3342 373 3426 conpunctione
390 3342 524 3410 defluens
539 3344 639 3409 imber
653 3343 822 3409 oculorum.
846 3359 903 3425 ego
917 3340 1140 3409 labefactatam
1154 3356 1218 3405 non

142 3547 332 3616 Idampnum
358 3546 416 3603 LV
514 3545 796 3617 Ienadet1suaeet
823 3548 851 3603 Β
952 3543 1095 3601 memoriae
1121 3540 1151 3595 Β

93 3632 242 3689 badceesit
260 3632 289 3689 Β
375 3632 505 3703 inpotenti
522 3634 550 3689 Β
651 3634 801 3703 lingentis
819 3633 864 3703 (lis
885 3632 919 3687 ies
934 3630 1045 3700 moll·
1139 3627 1220 3696 8qul

93 3753 347 3818 peremensa
447 3752 707 3813 erueronuumo
812 3754 843 3809 11
868 3769 885 3808 a
906 3768 958 3809 om.
983 3750 1011 3805 B
1114 3718 1221 3834 ernian

93 3868 203 4015 ΞΗ
219 3874 252 3929 m
269 3839 412 3945 011411
527 3839 580 3929 rte
597 3874 625 3929 e
729 3833 860 3930 netto
958 3873 991 3929 ne
1009 3869 1139 3941 nnus]
1156 3867 1219 3924 eme

146 4061 264 4119 XXIIII.
300 4062 334 4118 19
351 4077 412 4131 eger
429 4062 457 4117 Β
551 4063 586 4118 20
603 4064 715 4120 meroris
732 4063 816 4121 ΠΝ
906 4062 941 4119 21
959 4063 1079 4122 uotum:
1100 4056 1157 4114 TV

94 4156 318 4239 massilien
412 4182 805 4257 erpouroo21p101n0f0re.‚·
822 4183 871 4239 cc
881 4183 920 4250 cs.
932 4182 1025 4254 upra.
1041 4180 1104 4237 un
1114 4181 1151 4235 re

95 4278 173 4341 (11φο
193 4268 248 4325 IV
331 4268 520 4339 allegationem
537 4270 601 4337 fort.
688 4270 721 4326 ‘ll
740 4272 818 4327 luber
837 4270 865 4326 Β
950 4267 1112 4325 nicaeam
1131 4264 1169 4321 1'1

1079 4375 1118 4430 8⁸
