2992 4967
283 334 347 400 390
638 328 753 398 Magni
770 326 898 385 Felicis
914 326 1045 385 senous

283 541 344 589 non
380 522 549 606 perperoit:
593 519 803 605 misericordis
844 522 895 585 est
927 520 1009 585 arna
1049 517 1236 585 lautomas
1278 521 1413 589 seruam

282 625 446 692 distriotio.
468 642 540 708 ergo
555 624 658 707 sopori
673 624 841 689 temiinum
856 640 973 707 paneas
986 622 1204 689 mandatorum
1219 620 1411 687 oaeleetism

283 727 405 793 hostem
433 726 571 809 depelle,
603 746 641 793 ne
670 726 802 793 erudita
828 724 1022 793 mnuersatio
1053 727 1160 791 tetum
1188 722 1412 791 habitantium

283 830 370 895 iusea
385 830 631 913 superuenientis
642 830 823 913 eontagione
837 828 1001 894 uioletur'.
1016 828 1090 894 ilieo
1105 825 1222 895 diuinis
1236 828 1411 897 eteeoatue

281 933 418 1017 imperiis
446 931 607 999 hominem·
631 935 737 1013 meat,
770 933 979 1001 mentientem
1006 930 1177 1009 couniunt,
1209 928 1324 997 feriato
1354 948 1445 999 ores

281 1037 363 1101 male
384 1036 499 1101 eonseii
514 1037 617 1102 amnia
630 1036 697 1101 eius
709 1035 802 1119 gesta
814 1035 1020 1119 namaquttur.
1041 1032 1168 1116 expauit
1180 1032 1411 1115 deprehensus.

282 1156 353 1205 enm
371 1138 492 1225 flagitia
506 1156 563 1205 sua
576 1141 728 1206 recenseri
749 1139 869 1205 niteret
885 1138 924 1205 st
938 1138 1074 1216 homine,
1096 1155 1174 1219 quae
1187 1137 1257 1204 sine
1272 1137 1412 1205 nummi

280 1244 402 1326 generis
429 1245 510 1308 teste
539 1244 754 1309 sommiserat:
780 1241 935 1307 uiatioum
956 1241 1111 1324 persentit,
1135 1238 1244 1323 fugam
1265 1244 1411 1305 tremens

280 1346 460 1428 adparanit:
483 1344 633 1411 mutinae·
650 1347 756 1411 tamen
776 1344 944 1425 potusque
964 1360 1053 1409 reum
1074 1342 1156 1410 allio
1179 1342 1409 1425 conprehendit

281 1454 314 1515 et
336 1450 493 1533 expiatum
514 1449 616 1515 eoelus
638 1448 809 1530 patratoris
830 1451 931 1515 morte
952 1446 1121 1513 nuntiauit.
1148 1446 1196 1511 ite
1208 1464 1312 1513 sermo
1330 1447 1442 1513 irretio

281 1552 402 1620 uiribus
425 1570 529 1618 aarere
552 1568 612 1617 non
634 1552 745 1635 potuit.

322 1656 445 1722 Interea
479 1659 605 1721 sanetus
642 1653 691 1720 uir
729 1672 785 1736 per
826 1655 966 1738 regiones
1008 1652 1158 1721 finitimus
1199 1654 1409 1722 insidiotnioio

279 1759 380 1825 famae
422 1758 538 1843 linguis
580 1757 732 1836 innotuit,
776 1775 854 1839 quae
893 1778 933 1823 ne
975 1759 1100 1841 pareret
1140 1756 1179 1823 te
1221 1756 1407 1825 eeletriteta

279 1861 475 1945 iactantiam,
509 1864 581 1927 ante
612 1861 734 1943 monta
760 1862 835 1927 suat
860 1862 1014 1943 remedia,
1048 1878 1141 1944 quam
1167 1861 1297 1927 morbus
1330 1863 1408 1927 arlo-

280 1966 418 2031 leseeret.
461 1964 515 2047 qni
551 1964 634 2029 enim
668 1964 861 2047 grandaeuus
892 1967 949 2031 aut
981 1963 1092 2029 debilis
1129 1965 1205 2031 ineo
1236 1964 1438 2047 diligentias

280 2087 341 2135 non
370 2069 491 2134 itineris
520 2067 608 2132 illius
635 2067 848 2133 transmeabat
874 2067 1028 2151 atrapis,
1056 2086 1128 2137 oum
1149 2067 1298 2133 danta'lnus
1322 2068 1406 2133 uali-

279 2171 419 2239 tudinem
442 2170 601 2237 desiderit
630 2170 725 2237 etism
753 2170 962 2253 aegritudines
992 2188 1122 2255 terpora
1145 2190 1208 2237 non
1237 2173 1406 2237 tenerent?

279 2276 339 2342 hae
360 2276 541 2359 perterritus
556 2274 731 2357 frequentia
748 2274 790 2339 ai
804 2273 971 2340 seoretiora
984 2275 1104 2339 heremi
1118 2274 1230 2341 beatus
1245 2276 1405 2341 Antonius

280 2378 411 2445 eredidit
439 2377 635 2458 euolatdum,
663 2396 702 2443 ne
729 2377 925 2461 singulorum
953 2379 1076 2445 deuotio
1104 2378 1285 2444 inamabilis
1308 2379 1403 2443 adro·

279 2481 404 2564 gantiae
436 2483 537 2547 mater
571 2482 718 2547 existeret
749 2485 783 2547 et
813 2482 853 2547 de
884 2480 1074 2547 multiformi
1106 2480 1210 2566 gratia
1242 2480 1435 2567 rigidioris»

279 2584 430 2668 proponti
450 2584 543 2649 ruina
563 2588 752 2651 naaoeretnr.
780 2602 853 2651 mox
868 2589 976 2650 tamen
989 2602 1135 2665 etaemus,
1157 2604 1252 2668 quem
1264 2585 1404 2667 pendula

231 2692 234 2701 '
279 2704 369 2771 rupes
392 2688 641 2765 emmennone,
665 2688 783 2753 electus
805 2692 870 2766 est,
897 2689 932 2753 in
953 2705 1014 2770 qua
1036 2687 1126 2753 annis
1147 2688 1295 2772 plurimis
1316 2688 1403 2755 solus

280 2793 312 2856 et
333 2808 406 2857 uere
419 2790 587 2857 mouaohus
602 2790 704 2857 uitam
718 2790 785 2855 sine
801 2790 929 2856 humani
945 2793 1067 2875 generis
1081 2794 1221 2857 consorte
1235 2792 1400 2875 transeffl't.

280 2892 374 2959 tatas
406 2892 487 2958 inas
518 2911 573 2976 pro
605 2892 764 2959 sodalibus
791 2896 944 2960 meamne
974 2894 1131 2961 solitudo:
1164 2894 1306 2978 mugitus
1335 2894 1402 2961 ursi

278 2996 471 3078 aliarumque
497 2996 659 3062 beluarum
689 2998 795 3062 minax
821 2996 1061 3063 inmurmuratio
1089 3015 1146 3079 pro
1167 2996 1304 3063 blandae
1324 3014 1431 3063 oon-s

279 3098 478 3164 fabulationis
510 3099 726 3163 eommunione
758 3098 941 3182 ponebatur.
980 3099 1115 3181 (lenique
1146 3118 1182 3165 aa
1214 3101 1400 3184 temtum

278 3217 369 3265 ursas
390 3200 581 3283 petulantior
601 3200 719 3285 gloriae
740 3203 814 3285 plus
835 3201 965 3267 daturus
987 3203 1092 3268 oaules
1111 3204 1211 3284 ipsius
1231 3202 1398 3285 poteritne

277 3302 360 3368 foliis
396 3303 540 3369 laetiores
577 3305 611 3370 et
642 3306 776 3387 quadam
804 3304 930 3370 domino
961 3305 1122 3371 hilaritate
1149 3306 1320 3389 gestientes
1349 3306 1396 3371 in-

278 3405 363 3473 mani
384 3406 560 3492 ingrediens
583 3408 767 3474 tentritione
789 3409 938 3492 uastauit,
961 3409 1007 3473 ita
1028 3413 1064 3473 ut
1086 3425 1240 3492 nusquam
1261 3408 1300 3474 de
1321 3410 1396 3474 sim

329 3628 483 3685 seman
585 3628 765 3699 separer
864 3630 1076 3688 astianum
1092 3629 1191 3697 som,
1226 3629 1396 3686 mem

278 3715 304 3771 T
404 3715 419 3768 7
442 3731 493 3785 que
516 3714 545 3770 B
645 3716 663 3771 8
684 3718 756 3771 teate
772 3717 884 3773 humani
900 3717 1007 3787 mnis
1028 3717 1114 3775 LTV
1211 3719 1228 3773 9
1251 3715 1394 3786 sdpsmuit]

277 3820 465 3889 trepulsa,
491 3819 761 3889 apostataret.
859 3808 1261 3891 {memmatensis
1353 3835 1394 3889 se

277 3905 401 3975 emen
422 3906 449 3960 n
556 3906 694 3961 emmo
808 3907 841 3963 12
863 3908 1009 3978 enmono·
1034 3909 1061 3964 n
1172 3910 1205 3964 1⁶
1226 3894 1333 3963 ests

276 3990 428 4061 mimas
445 3991 558 4051 BLPV
648 3992 681 4047 16
698 3992 816 4062 streptu
831 3993 869 4060 L,
893 3990 1001 4051 mrito
1020 3994 1047 4050 P
1140 3994 1175 4051 18
1191 3994 1287 4052 terimi
1306 3993 1334 4048 B

276 4076 311 4130 22
326 4074 449 4145 pluribus
466 4078 513 4133 Pt
606 4078 671 4135 solis
689 4079 727 4135 L?
829 4080 866 4135 23
881 4094 1009 4136 moment
1026 4078 1065 4140 L¹
1166 4082 1290 4137 oomorts
1305 4081 1333 4138 L

276 4161 548 4219 semimutato
647 4165 908 4235 nrpemnoors
1005 4166 1195 4237 mentun
1291 4154 1393 4227 seuit

276 4264 304 4319 L
320 4278 341 4321 e.
358 4264 385 4333 l.‚
412 4264 444 4321 de
462 4265 569 4323 domino
585 4269 652 4336 fort.
754 4269 877 4326 ilaritate
893 4271 921 4327 L
1022 4270 1058 4325 29
1074 4285 1191 4341 usqum
1208 4271 1235 4326 L
