2992 4967
285 309 352 380 486
645 311 906 380 auguratricis
924 307 1054 366 li'nnodi

183 571 190 588 ,
287 501 469 568 bumilitate
489 519 546 586 pro
566 502 686 582 taeniis,
709 503 864 585 quatema
885 505 1048 568 tormento
1064 501 1216 586 superbae
1230 501 1425 569 wieefionis

287 604 368 669 nibil
389 603 423 668 ei'
433 603 590 687 relinquat
604 603 749 686 liberum,
773 604 827 688 qui
842 607 980 689 rogatur.
1016 606 1174 671 lieitatum
1187 623 1244 688 pro
1259 605 1425 671 ambobus

287 723 418 772 aeneum
445 708 594 786 tutatur,
621 723 714 790 quem
741 725 798 790 pro
825 725 887 773 uro
910 709 1037 774 constat
1057 725 1244 792 expersum:
1272 711 1427 792 erpeetat

286 813 445 894 gemmam
467 810 604 894 gratiam
625 810 664 875 de
686 809 833 876 benefitio
863 809 1029 895 singulari.
1060 812 1166 877 neseio
1185 816 1296 876 utrem
1322 829 1427 894 quae-

287 911 420 978 rendmu
439 913 484 978 sit
504 913 581 996 quid
602 913 798 997 cogitauerit,
822 931 894 978 eum
908 915 992 996 apud
1014 915 1176 980 musteus
1196 913 1322 997 liqueat
1344 915 1427 997 quid
1447 939 1459 979 s

286 1014 408 1081 feeerit.
440 1016 583 1082 exbamit
609 1017 749 1102 partiam
777 1021 903 1082 tuamm
931 1017 1122 1084 defensiones
1151 1018 1271 1100 pinta,
1305 1017 1366 1101 qni
1388 1021 1428 1084 de

287 1117 377 1184 nobis
398 1119 558 1201 praestitit
572 1120 746 1201 optionem:
770 1122 875 1186 teneat
890 1137 969 1203 quae
983 1119 1051 1187 sola
1064 1121 1262 1187 desiderauit
1273 1123 1429 1205 sepulcra

286 1225 324 1288 de
345 1222 412 1289 lilio
433 1227 539 1307 pater,
560 1226 616 1308 qui
636 1227 763 1288 tautam
784 1224 973 1289 mortanum
994 1223 1137 1289 redemit.
1165 1241 1241 1288 nam
1264 1225 1323 1306 qui
1346 1241 1429 1288 saue

286 1326 489 1409 languentem
525 1327 702 1411 praeposuit
742 1325 941 1392 denuntiarit
979 1345 1014 1392 se
1055 1326 1209 1393 horruisse
1245 1329 1426 1392 uicturum,

286 1429 362 1512 qnid
394 1432 432 1495 de
464 1430 636 1513 superstite
669 1445 796 1512 poema,
832 1430 953 1506 nardo,
990 1429 1106 1496 labens
1139 1431 1173 1495 in
1204 1431 1458 1496 conselaticnen

287 1533 444 1612 lacrimas,
467 1551 544 1617 quas
567 1534 681 1600 amati.

754 1737 948 1794 Nnaaa'rlo,

331 1873 497 1958 Perpetuo,
519 1877 647 1959 iudioes,
672 1877 844 1944 honestatis
867 1879 1025 1944 culturam
1049 1877 1080 1944 et
1098 1879 1132 1944 in
1155 1881 1260 1944 aetate
1284 1877 1426 1962 peeoatis

289 1979 390 2042 amica
411 1979 545 2059 seruari,
569 1978 757 2046 subtrahens
779 1981 925 2064 inpensas
942 1981 1105 2048 desideriis
1128 1980 1315 2064 puerilibus,
1340 1981 1426 2045 uude

288 2083 392 2162 posset
414 2079 484 2146 aeui
505 2082 640 2164 gaudere
661 2084 840 2149 maturitas.
875 2083 968 2149 huius
998 2085 1043 2151 rei
1066 2081 1250 2170 frugalitate
1275 2083 1455 2158 fecimusne

288 2185 325 2247 ut
347 2188 521 2250 remaneret
543 2186 627 2269 patri
649 2187 732 2271 quod
747 2205 803 2270 pro
825 2185 983 2252 luxurioso
999 2185 1062 2253 lilio
1077 2187 1181 2270 posset
1196 2186 1319 2251 offerre.
1345 2185 1425 2268 qnid

289 2288 327 2352 de
355 2287 536 2370 patrimonii
565 2289 703 2356 exilitate
731 2291 892 2356 oausaris?
923 2288 951 2354 si
980 2305 1036 2372 par
1064 2289 1202 2354 morrbus
1230 2286 1423 2364 antitistem,

288 2405 385 2473 usqne
413 2393 625 2474 superducta
656 2411 705 2458 res
740 2393 852 2476 iuerat,
886 2394 922 2458 ut
952 2392 1064 2458 neuter
1095 2391 1249 2474 potuisset
1284 2389 1422 2455 absolui.

287 2491 461 2577 inaequalia
483 2495 531 2559 est
553 2493 685 2573 arbiter,
717 2495 772 2578 qai
795 2491 943 2577 profluere
967 2493 1068 2561 uoluit
1091 2493 1184 2560 alteri
1207 2493 1289 2577 quod
1311 2495 1422 2559 nostro

287 2595 404 2681 pudore
425 2597 630 2664 eondidimus.
664 2601 815 2681 quantum
839 2597 958 2664 adserit
980 2600 1112 2680 paterne
1134 2595 1301 2676 districtio,
1327 2613 1452 2661 musae

288 2699 379 2766 nobie
401 2701 567 2767 diuturnae
589 2701 784 2785 captiuitatis
807 2701 947 2783 probitas
971 2699 1042 2766 fuit.
1074 2719 1167 2766 sanus
1183 2697 1319 2784 diligens
1337 2699 1422 2784 patri

289 2801 441 2887 fratrique
462 2805 598 2885 sedulus,
620 2803 696 2870 talis
719 2804 826 2870 reduei
848 2821 909 2870 non
931 2808 1070 2870 meretur
1087 2804 1121 2869 in
1136 2801 1275 2886 patriam
1291 2802 1335 2878 et,
1359 2801 1422 2866 nisi

289 2904 502 2972 extitissemus
530 2925 593 2973 nna
620 2908 702 2972 sorte
731 2905 863 2991 eaptini,
898 2905 1072 2973 sorduisset
1104 2903 1283 2989 suspicione
1314 2908 1422 2970 nostra

288 3009 449 3092 regressio.
484 3010 628 3093 aequales
657 3009 839 3076 calamitate
867 3009 1000 3089 luimus,
1032 3011 1088 3075 sed
1116 3008 1213 3092 patris
1242 3025 1349 3072 amore
1371 3007 1421 3072 di-

289 3109 417 3175 stantes
441 3109 516 3176 felix
536 3113 675 3178 luxuriae
696 3111 844 3196 suffragio
860 3114 982 3179 iuuenis
999 3118 1030 3178 et
1045 3116 1118 3179 ante
1132 3129 1281 3196 magnam
1296 3112 1451 3194 parterna

289 3215 465 3281 eommunis
486 3214 629 3281 exhausit
650 3215 847 3282 substantiae
870 3217 903 3283 et
928 3215 990 3301 ipsi
1011 3215 1131 3300 proluit
1152 3217 1234 3299 qood
1257 3214 1418 3280 remansit.

295 3443 300 3450 Ι
342 3489 499 3558 lquatinus
511 3489 608 3545 B¹TV
673 3489 988 3563 snpbaa(eupruprus.)
1001 3490 1029 3545 Β
1098 3487 1258 3544 obiectionie
1270 3487 1358 3544 ΜΨ

289 3579 443 3634 tasnatum
464 3576 492 3630 Β
593 3578 728 3648 exspectat
753 3577 810 3632 LV
908 3576 1051 3646 bliqrreat
1073 3574 1144 3645 qaod
1167 3573 1250 3647 (pil
1274 3573 1357 3630 ΜΨ

289 3665 308 3720 6
324 3663 433 3718 iecisset
448 3664 477 3718 Β
563 3665 668 3720 exaumt
684 3663 723 3719 Β1
811 3665 827 3719 'l
845 3663 986 3734 sepulohra
1004 3661 1089 3718 BLT
1104 3667 1144 3730 (aa
1163 3661 1224 3716 Ta.
1236 3660 1256 3716 l.
1269 3667 1353 3725 eurr.)

289 3780 494 3839 eminae
560 3758 881 3855 eadmund
980 3783 1072 3838 aaa
1174 3779 1354 3836 neuma

291 3869 326 3923 10
351 3868 432 3925 hbes
458 3869 487 3924 B
510 3871 555 3937 (ra.
572 3871 675 3938 mro
778 3870 964 3926 oonsnlatione
990 3870 1018 3924 Β
1123 3870 1153 3925 ll
1182 3867 1299 3924 emisisti
1325 3867 1353 3922 Β

292 3954 496 4011 lbiudiaisB¹
581 3955 939 4026 peltatis(etarue.ar.2)
956 3956 983 4012 L
1071 3955 1103 4010 15
1117 3953 1246 4024 posaitB
1335 3953 1417 4008 ltlrr·

291 4041 394 4094 xorioso
420 4041 460 4096 Βι
524 4107 527 4113 ,
562 4042 650 4112 pessit
674 4041 703 4096 Β
812 4041 845 4098 18
870 4043 960 4112 posset
986 4039 1070 4095 ΜΨ
1179 4039 1213 4094 22
1235 4038 1305 4092 tales
1328 4037 1367 4092 13¹
1388 4043 1420 4092 at

291 4125 406 4182 uidem
500 4129 612 4184 meritur
630 4128 658 4183 Β
765 4129 799 4182 23
816 4127 994 4182 extitissimns
1011 4127 1041 4180 Β
1134 4125 1283 4195 suspitione
1301 4123 1356 4180 ΒΤ

292 4221 496 4318 arduos
582 4225 1071 4316 uermeriumrumauanuv
1165 4243 1354 4302 ammes
