2992 4967
263 308 325 375 136
619 307 733 376 Magni
750 306 879 362 Felicis
897 306 1028 361 Ennedi

258 498 497 583 praeteritorum
519 501 621 578 tenax,
644 516 763 565 memor
786 498 1007 581 praesentium
1029 496 1162 581 prudens
1185 497 1296 574 futuri,
1319 515 1391 579 per·

257 602 390 668 latorem
423 620 478 684 pro
507 617 577 667 mea
605 600 872 667 commendatione
906 600 1066 682 suscipiat,
1101 602 1215 682 etqui
1243 600 1305 666 erit
1337 617 1392 685 per

258 706 410 771 nisionem
426 709 566 771 uestram
580 706 734 771 scribente
756 704 877 771 felicior
899 703 1159 788 peregrinationis
1175 722 1237 769 non
1251 703 1393 785 patiatur

261 806 393 873 aduersa
408 808 533 873 sentire.
557 806 680 873 demine
695 807 752 891 mi,
775 806 915 873 debitum
938 806 1106 872 seruitium
1121 807 1254 873 reddens
1270 823 1391 889 precer,

258 910 295 973 nt
316 910 368 974 nel
400 929 455 993 per
478 910 557 976 bane
580 910 791 989 occasIonem,
824 929 886 993 qna
912 909 1000 975 illinc
1033 908 1199 975 Parteuius
1227 913 1423 993 susceptasr

258 1014 377 1095 poterit
398 1016 527 1097 paginas
549 1013 715 1092 destinare,
742 1013 908 1079 desiderati
931 1012 1158 1096 multiplicetur
1185 1013 1287 1078 forma
1319 1030 1392 1078 eon·

257 1115 367 1199 loquii.

777 1253 869 1319 XIII.

611 1389 794 1447 ENNODIVS
814 1390 1033 1446 Hesnrspss.

299 1511 422 1579 Scimus
444 1514 582 1597 religiosi
606 1516 802 1580 sacramenta
833 1514 982 1597 propositi
1015 1513 1055 1578 ab
1089 1513 1218 1578 obnoxia
1250 1511 1390 1594 peceatIs
1399 1528 1421 1567 1⁰

255 1616 460 1683 multitudine
493 1618 672 1683 innocentia
700 1619 731 1681 et
759 1616 820 1683 fide
843 1618 981 1700 separari
1010 1622 1043 1681 et
1065 1616 1174 1681 titulos
1197 1614 1390 1681 uenerabiIIs

256 1718 352 1783 officii
374 1738 476 1785 mores
498 1720 604 1801 potius
627 1719 777 1805 insignire
800 1738 896 1801 qnam
917 1737 1054 1804 corpora.
1084 1719 1152 1803 quis
1175 1719 1293 1783 bonum
1316 1735 1388 1781 con-

256 1820 402 1886 scientiae
425 1822 508 1886 inter
531 1822 672 1887 hemines
694 1826 833 1905 quaerat,
858 1822 886 1887 si
908 1821 1016 1887 mundi
1039 1820 1219 1887 adhibenda
1240 1822 1289 1884 est
1307 1822 1389 1885 cuca

255 1924 442 2007 pontificum
462 1928 585 1991 statuta
599 1925 777 2007 necessitas,
800 1926 829 1991 si
850 1926 1048 1990 sacerdotum
1070 1922 1233 2005 promissio
1250 1924 1389 1988 citcum-

254 2030 361 2108 speeta
383 2027 525 2093 motione
551 2029 753 2095 seruabitur?
775 2029 953 2112 inumqnam
981 2027 1093 2093 habuit
1120 2027 1155 2091 in
1177 2025 1292 2091 affectu
1314 2043 1419 2092 con-1⁵

256 2130 409 2195 stantiam
432 2132 481 2196 cni
503 2130 604 2197 facere
625 2132 712 2197 alind
735 2132 774 2196 de
795 2130 1021 2215 pollicitatione
1043 2148 1105 2195 non
1128 2129 1229 2194 licuit.
1268 2130 1388 2195 saeculi

255 2234 448 2300 conuersatio
481 2233 587 2319 legum
609 2238 696 2300 metu
729 2235 898 2299 retinetur:
933 2233 983 2298 dei
1010 2232 1144 2297 famulos
1166 2233 1248 2315 qnod
1270 2232 1388 2297 bonnm

255 2338 301 2401 est
323 2336 465 2401 exhibere
493 2338 638 2401 conuenit
665 2354 727 2401 non
749 2335 910 2402 formidini
935 2335 991 2401 sed
1020 2337 1128 2401 amori.
1166 2333 1288 2400 dudum
1311 2335 1387 2400 dum

254 2437 343 2505 noble
358 2443 462 2504 metus
483 2440 617 2505 instaret
639 2442 671 2503 et
694 2442 732 2505 ds
748 2438 914 2504 clementia
929 2438 974 2521 pii
995 2438 1077 2522 regib
1092 2437 1185 2503 dubio
1200 2438 1387 2503 meritorum

255 2540 473 2608 aestimatione
495 2543 696 2625 penderemus
718 2542 845 2621 ineerta
880 2542 1012 2607 camelos
1033 2543 1156 2607 nostros
1189 2543 1238 2605 tot
1267 2541 1417 2608 dandene

254 2644 367 2709 domno
400 2663 498 2729 papae
530 2646 588 2711 tali
616 2646 810 2712 reuerentiae
839 2647 959 2711 uestrae
988 2644 1167 2710 condicione
1188 2643 1385 2723 tradidimus,

253 2750 306 2826 nt,
328 2748 356 2813 si
378 2747 467 2814 nobis
490 2750 642 2815 animalia
663 2749 730 2832 ipsa
752 2765 816 2813 non
839 2752 941 2813 assent
969 2749 1157 2831 necessaria,
1187 2749 1308 2813 iustum
1330 2766 1386 2831 pro

253 2850 330 2934 ipsis
352 2852 489 2935 pretinm
504 2853 692 2932 mitteretur,
716 2853 748 2917 et
764 2854 835 2935 qnia
849 2854 937 2918 nouit
959 2854 1077 2934 optime
1099 2853 1249 2918 sanctitas
1266 2854 1384 2931 uestra,

253 2972 308 3017 nos
331 2954 407 3019 dnm
429 2955 587 3038 potuimus
618 2972 672 3037 per
695 2954 918 3037 allegationem
951 2954 1038 3019 tuam
1071 2954 1227 3020 utilitates
1260 2956 1386 3020 sanctae

254 3054 413 3121 Romanae
444 3057 591 3121 ecclcsiae
624 3055 822 3135 subleuasse‚
857 3074 939 3122 nune
971 3056 1190 3123 uicissitudine
1217 3058 1311 3124 facita
1347 3060 1416 3124 dere

255 3157 392 3223 nerItate
414 3158 607 3227 beneficium.
639 3177 825 3242 quaesumus
848 3159 944 3224 etiam
967 3158 1155 3226 suntaticne
1176 3161 1326 3244 praefata,
1348 3166 1385 3227 nt

254 3259 330 3341 qnid
354 3280 445 3344 super
469 3260 526 3327 bae
548 3264 636 3345 parte
657 3261 842 3327 deliberatio
865 3265 973 3327 uestra
993 3263 1107 3328 habeat
1127 3263 1284 3344 indicetis,
1308 3264 1383 3347 quia

304 3481 402 3535 4mibi
414 3480 500 3536 BLV
599 3482 616 3535 5
628 3482 673 3536 uel
684 3498 734 3537 ona
748 3482 776 3536 T
867 3482 919 3537 hac
933 3480 991 3537 DV
1087 3484 1104 3539 6
1116 3485 1263 3539 desederati
1276 3484 1314 3540 Β·

253 3582 412 3639 normann
515 3584 616 3653 eloquii
633 3584 676 3649 12;
703 3570 906 3655 expiendas

305 3688 383 3743 XIII.
420 3690 454 3743 13
471 3692 567 3759 querat
585 3689 650 3745 BL¹
749 3692 783 3746 14
793 3692 932 3761 ponticum
947 3692 974 3749 Τ
978 3694 984 3721 ¹
1080 3692 1112 3746 16
1123 3692 1265 3762 pollitionc
1277 3693 1314 3747 2⁸¹

256 3807 289 3861 rs
308 3807 426 3863 ramnus
444 3808 471 3864 Β
580 3784 1050 3879 secundusomne
1156 3813 1192 3867 ae
1213 3813 1384 3883 paruimus

253 3892 281 3946 Β
368 3898 474 3949 nostros
491 3912 542 3953 om.
562 3896 645 3951 δίνη.
741 3896 775 3951 21
794 3897 902 3952 domino
920 3898 969 3953 Bb
1055 3901 1146 3954 uestra
1163 3898 1192 3953 L
1285 3898 1320 3953 22
1339 3918 1384 3955 ne·

252 3977 355 4067 uenis
371 4013 400 4068 Β
503 4015 539 4069 24
561 4032 609 4071 nos
628 4016 655 4071 Β
672 4017 705 4071 sa
722 4034 788 4083 ras„
804 4018 901 4083 fusca
914 4018 1008 4087 psat
1024 4018 1090 4087 fort.
1108 4034 1128 4073 n
1230 4021 1319 4090 tum]
1338 4037 1384 4077 ne-

251 4137 336 4189 stram
363 4136 410 4190 Pb
521 4136 653 4191 utilitatis
676 4138 704 4193 Β
817 4137 851 4193 26
877 4110 1006 4207 quai'mua
1024 4139 1052 4195 L
1073 4155 1105 4193 sn
1123 4154 1146 4193 s.
1164 4138 1182 4193 I.
1200 4156 1236 4194 aa.
1253 4145 1311 4195 eret,

251 4219 286 4273 27
304 4220 462 4277 deliberatio
481 4224 522 4292 (nt
538 4224 570 4278 ia
587 4226 654 4293 ras.)
676 4223 703 4279 V
