2992 4967
404 326 519 399 Opere.
537 328 606 387 IIII.
629 328 711 383 vise
726 327 759 385 B.
777 328 927 414 Aruleni.⁸
1158 326 1220 395 301

79 518 175 602 plici
189 518 282 602 fruge
295 536 365 602 spes
380 517 504 585 residem
519 518 726 601 linqueretur:
745 534 840 601 quem
851 516 910 589 ille
924 518 1035 592 bueule
1050 518 1222 586 muleetnm

81 621 273 689 distnetins
302 620 388 687 ebire
414 620 609 705 preeeipiens
638 625 752 692 testem
773 620 904 693 uirtutis
924 639 1000 695 sues
1021 624 1054 687 st
1075 622 1222 691 nuntium

78 724 249 807 passienis
269 724 311 789 eei
333 724 412 791 elius
433 723 479 789 ire
500 723 616 791 besties
630 741 702 791 mex
717 724 829 807 etegit,
851 728 889 791 ut
904 723 1088 809 impleretur
1103 724 1223 791 demini

79 826 200 893 fidelis
232 826 434 911 pellieitstie,
467 846 548 911 quse
581 827 787 902 seststetibus
814 828 882 900 snit
915 826 1011 899 telius
1045 824 1158 897 ueneni
1190 829 1225 893 et

49 929 237 997 nomnium
260 931 394 997 fenerem
417 930 562 1013 premisit
584 930 778 1013 obsequium.
809 949 919 1000 rursus
939 935 1042 997 temus
1064 931 1224 1015 gradienti

81 1033 121 1097 ei
149 1053 204 1117 per
225 1032 418 1101 msbnstnm
440 1034 550 1101 sellem
573 1035 698 1117 rueiem
720 1052 753 1101 se
774 1032 841 1104 iere
861 1033 1029 1119 suggessit,
1052 1052 1146 1117 quem
1166 1033 1223 1101 iile

80 1136 162 1203 sole
194 1138 328 1203 iussione
363 1136 526 1203 turbetem
558 1137 619 1201 iter
652 1135 728 1203 feeit
760 1137 880 1219 eperire
911 1141 943 1203 et
971 1140 1123 1221 essupete
1151 1137 1223 1205 uiee

81 1240 233 1307 eleusim
253 1240 400 1307 deserere.

137 1340 197 1409 Sed
227 1360 298 1409 esee
331 1342 447 1409 iterum
478 1343 537 1412 slis
564 1342 740 1427 pernicibus
773 1363 829 1428 per
855 1342 1040 1427 proditionis
1067 1361 1141 1412 suse
1169 1360 1221 1409 en·

38 1445 200 1511 neminem
228 1446 279 1513 dei
305 1463 430 1513 seruum
457 1446 489 1511 in
517 1464 577 1529 que
608 1444 668 1513 bei
690 1445 818 1530 degeret
839 1446 923 1514 ieme
943 1446 1107 1530 uulgauit,
1136 1444 1222 1511 eliud

85 1550 134 1614 de
170 1549 237 1633 ipse
272 1566 328 1632 pne
367 1548 599 1617 sententiarum
645 1550 799 1625 nmetete
841 1549 973 1622 diuersis
1009 1547 1220 1631 opinantibus.

83 1654 171 1719 tune
201 1652 321 1735 benite
353 1653 457 1733 putuit
493 1672 548 1735 per
580 1670 724 1722 eeeursus
760 1652 951 1735 multipliess
983 1653 1062 1718 nibil
1098 1651 1221 1717 ebstere

86 1756 292 1838 supientibus
327 1756 448 1838 pleneri
485 1756 600 1835 eidus,
641 1756 771 1826 eeiieeri
807 1757 920 1833 seinse,
955 1755 1122 1839 pendentis
1158 1771 1219 1819 nen

85 1857 209 1924 timeri
238 1860 294 1924 sei
310 1857 483 1940 potioribus
506 1858 635 1940 insidiis,
660 1878 699 1930 ue
713 1878 769 1943 per
783 1860 998 1943 adrogantium
1022 1858 1121 1924 hostis
1144 1856 1220 1923 sub·

45 1962 225 2042 sss-iperet,
255 1960 375 2027 fortiori
397 1960 525 2027 eonsilie
548 1980 659 2030 munus
682 1964 841 2045 apposuit,
870 1982 911 2027 ne
932 1963 997 2029 iem
1026 1962 1222 2045 grandaeuus

87 2064 236 2147 perderet
264 2064 347 2146 qued
374 2064 458 2131 inter
487 2064 630 2132 tiroeinie
658 2067 778 2141 uirtute
803 2068 979 2133 seruasset:
1011 2066 1114 2133 senine
1137 2066 1220 2133 enim

87 2169 177 2233 eires
206 2168 349 2235 robustos
372 2169 487 2235 diaboli
509 2171 666 2241 eruum
688 2175 750 2247 est,
780 2176 813 2235 et
835 2170 1006 2237 meieribns
1028 2169 1124 2253 sepiis
1149 2168 1221 2235 illos

87 2270 276 2353 adgreditur
297 2274 352 2353 qui
366 2271 530 2339 conflictus
544 2272 611 2339 eins
627 2273 745 2355 experti
761 2276 879 2341 reberis
893 2275 1005 2341 sedere
1020 2272 1218 2339 domuerunt.

88 2377 241 2441 unineree
268 2380 375 2441 temen
399 2393 504 2444 seeum
526 2377 592 2458 ipse
615 2380 824 2459 pennensem,
852 2377 942 2444 breui
964 2376 1104 2443 enimnm
1125 2394 1218 2444 snum

47 2500 79 2543 se
89 2478 289 2545 alluentium
302 2478 456 2545 firmenit:
476 2478 566 2559 “quid
583 2481 715 2561 egissem,
730 2498 820 2545 mene
836 2479 936 2548 edhne
950 2478 1103 2547 mundeni
1118 2478 1220 2546 eneis

90 2581 179 2647 isses
206 2585 366 2665 depressa,
395 2600 494 2666 quem
516 2582 652 2651 nenium
680 2584 719 2647 ed
746 2584 905 2649 sectorem
934 2600 1026 2647 snum
1056 2599 1220 2667 corporeus

90 2703 197 2751 eereer
219 2688 380 2753 enemnit?
402 2705 462 2753 nen
481 2687 538 2753 bibi
561 2690 647 2755 uerte
661 2688 710 2752 est
724 2689 764 2753 de
785 2686 974 2768 perfectione
995 2684 1120 2769 fidenis,
1143 2686 1219 2754 (inm

91 2788 195 2854 silue
215 2789 384 2857 includeris
407 2790 581 2873 fragilitats
603 2790 733 2857 ermeli:
762 2788 908 2872 perieulis
930 2789 1023 2873 plene
1043 2791 1118 2853 snnt
1135 2806 1219 2870 quse

91 2892 240 2957 uidentur
266 2911 334 2959 esse
361 2894 540 2960 tutissime:
575 2894 728 2961 leneeinie
753 2894 855 2962 hostis
877 2895 924 2959 tui
945 2892 1120 2974 intellegis,
1143 2897 1218 2966 lum

51 3012 79 3053 se
93 2996 309 3061 uniuersorum
331 3014 408 3061 nene
429 2998 579 3065 lauderis.
610 2998 681 3064 uide
704 3000 832 3081 quentis
846 2995 969 3063 lebetes
983 2996 1124 3063 insidiis:
1146 2998 1219 3063 ebs·

91 3098 254 3165 eonditum
286 3117 351 3165 esee
386 3118 447 3167 nun
484 3100 560 3167 lieet
595 3101 676 3183 qued
710 3100 849 3169 edimus:
886 3098 1043 3167 letebrem
1080 3101 1219 3166 nestram

90 3204 267 3283 perseeutie
295 3202 476 3270 manifestet
503 3203 637 3269 hostilis.
676 3205 857 3272 senetnmm
885 3207 1027 3287 petemus
1050 3202 1219 3269 exereitum

90 3306 125 3367 et
140 3302 230 3368 illem
245 3303 415 3371 Lirinensis
430 3306 552 3373 insulse
567 3306 726 3372 eohortem
742 3308 865 3391 inriguo
880 3309 1074 3391 inquiremus
1090 3309 1217 3373 erdere:

90 3424 183 3487 quem
206 3407 307 3472 solnm
329 3408 478 3474 haetenus
501 3410 639 3493 pulsauit
661 3413 874 3495 aduersarius,
905 3411 1032 3477 timebit-
1052 3410 1135 3475 inter
1156 3408 1219 3473 ini·

142 3596 277 3651 sense„
294 3602 333 3665 (re
346 3602 426 3667 erae.)
444 3599 472 3653 e
562 3585 696 3670 {turpisne
714 3600 742 3655 n
833 3589 1035 3656 smera-n
1122 3564 1220 3653 sieu-

90 3682 148 3733 stre
166 3681 193 3736 L
290 3684 389 3738 ileliae
408 3684 439 3751 Τ,
467 3684 564 3740 eliisb
666 3685 776 3740 101000
795 3686 844 3741 Pb
947 3688 980 3741 le
997 3684 1152 3741 reseiesaT

90 3767 125 3821 14
142 3768 177 3825 el.
195 3768 349 3840 subreperet
367 3772 536 3827 Sebotieeise
546 3788 595 3845 rep.
689 3772 722 3829 15
735 3773 885 3843 grenienns
898 3772 1008 3829 BM'V
1097 3773 1129 3827 16
1145 3776 1219 3840 tyre>

88 3872 162 3925 esne
178 3870 265 3930 nnn
367 3876 399 3929 1s
416 3876 561 3932 earnes·
579 3876 607 3933 s
709 3848 812 3931 risere
831 3873 872 3943 s,
898 3876 1004 3931 reseris
1022 3874 1150 3930 senus

89 3956 122 4011 21
147 3956 284 4026 depresses
301 3960 326 4026 (e
344 3960 473 4057 ‘sssf-N»
577 3962 744 4019 setoremT
844 3962 878 4017 23
901 3961 1042 4017 includelis
1066 3962 1112 4029 (lis
1126 3976 1165 4059 επ
1181 3962 1220 4014 rie

89 4064 169 4126 cerr.)
189 4061 217 4116 n
318 4062 528 4119 sinuessae
631 4066 768 4141 insurgis
785 4064 841 4119 nn
941 4066 975 4120 se
992 4066 1057 4121 nese
1074 4052 1092 4119 fi
1112 4062 1220 4135 qemee

90 4162 118 4225 (il
135 4168 217 4229 sorr.)
235 4165 263 4221 L
366 4166 535 4225 ediimesl'
636 4169 672 4225 21.
687 4171 856 4238 expectemus
872 4168 900 4223 Β
1002 4157 1105 4225 exeritu
1123 4170 1150 4225 12

89 4248 122 4302 2ss
140 4249 228 4305 insule
245 4250 273 4305 Β
377 4251 411 4307 29
429 4257 537 4313 eetsnus
555 4256 584 4311 B
688 4256 808 4325 pulsauit
825 4258 851 4322 <t
866 4271 902 4309 ee
920 4255 963 4321 ii)
981 4256 1009 4310 L
