2992 4967
474 369 709 441 Epistulorum
727 367 817 424 liber
833 367 871 425 IL
1193 369 1237 436 53

109 563 144 630 in
167 581 227 648 quo
250 581 341 646 opere
363 561 441 629 illud
464 561 647 628 subducitur
668 561 803 645 mimo,
826 561 908 643 quod
929 557 1124 626 cruciatuum
1146 557 1236 624 testis

111 669 205 734 sudor
228 665 395 732 inuenerit.
419 665 552 730 caminis
575 669 701 730 excoctu
721 662 885 729 fabrilibus
906 660 1008 729 uerbo
1028 677 1090 726 non
1110 661 1237 745 sigim

110 767 223 835 salutis
252 784 326 834 suae
356 767 485 833 nunnus
520 771 553 832 et
581 767 738 851 quaesitor
759 767 890 832 alienae.
921 763 1034 830 monus
1056 764 1110 850 [or]
1132 766 1165 830 in
1187 763 1236 833 his

110 872 307 938 commerciis
328 890 406 955 pure
428 871 638 936 elocutionum
666 870 770 934 llonte
797 868 1030 952 congredimur:
1061 867 1238 933 diademato

86 973 242 1061 csimpler
281 974 435 1058 conloquii
469 975 572 1040 cultus
605 973 743 1040 abinretz
782 971 963 1056 epistularis
995 971 1172 1037 communio
1208 972 1237 1036 si

109 1077 235 1163 quondo
257 1077 437 1143 adsumtum
460 1077 601 1141 decorem
624 1073 723 1157 fugit,
749 1074 894 1140 obtinuit.
931 1075 988 1140 sod
1010 1074 1237 1156 magnitudinis

111 1183 237 1247 resine
260 1181 347 1246 diues
368 1179 402 1244 et
418 1178 601 1245 elucubrata
621 1177 760 1244 nuntio
782 1176 933 1244 mendicis
952 1177 1113 1243 limitibus
1133 1179 1237 1244 nescit

110 1281 231 1349 includi
266 1301 323 1348 nec
355 1283 416 1348 oris
454 1281 638 1348 thesaurum
665 1281 909 1365 quibuscumque
942 1282 1046 1348 orturo
1079 1281 1235 1348 confiniis:

109 1403 296 1470 magnorum
319 1401 405 1450 more
419 1384 586 1451 fluminum
601 1385 740 1468 riparum
756 1386 846 1451 deno
866 1384 1050 1452 contemnit.
1072 1402 1145 1450 num
1160 1385 1236 1450 duur

75 1509 101 1546 ro
112 1489 308 1572 conpositum
330 1488 473 1553 uelamen
489 1487 700 1570 occupationis
713 1487 851 1571 locuples
866 1487 976 1566 lingua
996 1489 1236 1571 magnentius,

113 1591 167 1655 bis
189 1596 316 1656 tantum
339 1609 372 1656 sc
395 1591 508 1657 studiis
522 1591 660 1657 militaro
676 1591 843 1676 significet,
865 1591 905 1658 cd
919 1607 998 1674 quae
1010 1590 1064 1656 uel
1078 1591 1236 1658 ocmsione

111 1695 263 1778 perducta
286 1697 341 1760 est.
361 1700 394 1759 ot
410 1693 470 1759 nisi
484 1693 572 1760 uobis
588 1694 701 1777 quietis
715 1697 840 1760 nostroe
854 1693 1033 1760 testimonio
1047 1693 1238 1777 rcipublieue

113 1798 327 1882 gubernaculo
348 1801 534 1865 sentiremus
554 1799 653 1864 fuisse
675 1799 831 1864 commissu
857 1799 890 1862 et
910 1817 978 1863 rem
999 1796 1114 1866 laboris
1134 1801 1235 1865 nestri

113 1921 180 1967 esec
201 1901 348 1984 quicquid
363 1901 480 1985 ubique
494 1901 670 1984 disponitur
686 1902 738 1967 uel
754 1900 866 1966 Italiae
888 1917 997 1966 curum
1018 1903 1237 1969 didicissemus

73 2023 210 2070 nonnum
232 2005 340 2088 pectus
362 2003 549 2090 ingressum,
587 2021 686 2086 pecne
707 2021 764 2069 uos
787 2004 853 2069 sols
874 2007 1058 2088 putaremus
1078 2005 1236 2090 paginalis

111 2108 180 2173 stili
202 2126 278 2174 cura
299 2111 331 2174 et
354 2107 544 2174 adsiduitate
565 2107 726 2174 muneram.
750 2107 807 2173 deo
825 2107 976 2173 debentur
995 2108 1072 2173 huec
1093 2125 1235 2186 muneru,

109 2211 164 2293 qui
188 2215 221 2275 st
241 2211 413 2276 amatorem
428 2211 577 2277 scientiae
591 2228 714 2277 sensum
731 2209 866 2275 contulit
881 2211 912 2276 ct
933 2211 1042 2275 fimum
1058 2210 1234 2277 studiorum

110 2313 150 2378 ud
174 2313 237 2378 oris
253 2313 403 2380 lubricum
419 2332 481 2379 uon
497 2315 635 2398 negauit.
658 2330 721 2379 non
736 2313 783 2378 sic
797 2313 905 2396 pernix
918 2312 1027 2378 aether
1042 2314 1112 2378 actu
1126 2315 1232 2380 neruis

108 2417 228 2482 urundo
250 2415 430 2499 proscindit,
453 2417 713 2500 quemadmodum
729 2417 858 2481 inuento
878 2415 996 2500 ingenii
1011 2416 1108 2482 uestn
1131 2436 1233 2484 sermo
1324 2409 1327 2413 ⁷

69 2519 268 2584 sodesuribit.
311 2517 400 2584 nullu
427 2518 603 2602 languescit
630 2517 734 2596 obice,
771 2518 868 2584 nullis
890 2519 1032 2585 tardatur
1053 2520 1235 2598 obstnculis‚

106 2621 145 2686 fic
166 2621 275 2703 pcruic
297 2640 510 2705 quaecumque
543 2640 576 2688 se
597 2623 647 2688 illi
668 2619 837 2688 dificultee
869 2621 1021 2688 obtulerit
1052 2627 1084 2686 et
1117 2626 1233 2691 mirum

107 2727 142 2790 in
165 2725 293 2790 modum
316 2744 370 2806 per
393 2725 558 2810 ulloguutis
591 2725 734 2807 peritiam
757 2728 899 2790 mutetur
917 2726 1030 2792 natura
1052 2745 1234 2794 causarum:

107 2828 167 2894 boc
190 2825 266 2892 iacis
292 2829 325 2893 in
355 2828 469 2896 merito
503 2830 663 2912 negotium
692 2827 838 2894 habuisse
865 2829 946 2911 quod
973 2828 1094 2911 cupias:
1116 2830 1234 2898 ueritus

106 2937 156 2996 ost
182 2931 398 3013 quodcumque
426 2951 482 3016 pro
512 2931 644 2998 ueritate
670 2931 817 2998 narrabis
851 2931 927 2998 hino
950 2933 1050 2998 mutis
1080 2934 1233 3003 iudicibus

70 3051 170 3100 senon
193 3031 267 3099 licet
288 3052 471 3118 repugnare.
500 3035 705 3102 minutissimi
728 3035 915 3102 discussores
936 3036 1088 3121 opinionis
1111 3040 1232 3104 lucrum

160 3323 173 3375 l
193 3321 320 3377 subducit
337 3321 353 3376 b
456 3323 605 3378 cruciatum
623 3321 735 3388 L¹PV¹,
761 3320 928 3376 cruciatuum
946 3323 967 3374 t
986 3321 1066 3376 sudor
1084 3323 1111 3376 Τ
1128 3324 1159 3376 is
1177 3339 1233 3378 roe.

105 3411 175 3462 ms
259 3407 458 3463 dsioncincuc'
547 3407 813 3464 doommertiisLV
893 3405 1072 3478 bsimplixB
1158 3409 1232 3462 'lno-

106 3494 200 3548 streT
295 3493 407 3548 diuisB
503 3495 702 3564 clugubratei'
796 3494 1044 3552 dtbcnssurumB
1141 3495 1232 3549 docn-

105 3615 222 3682 eempnrc
233 3613 344 3668 usur
438 3614 470 3668 10
487 3581 593 3684 rooup'c
606 3614 640 3682 c,
659 3614 793 3684 locuplebs
805 3616 833 3670 s
929 3615 961 3670 13
979 3614 1185 3684 gubernaculum
1203 3620 1233 3680 (2

104 3717 150 3770 uel
168 3720 186 3771 3
202 3715 396 3785 Μωυσῆν
476 3715 574 3774 loboris
592 3719 626 3784 (ir
644 3735 679 3774 cc
696 3735 737 3772 em
756 3719 887 3786 corr.)V
969 3718 1054 3772 uestri
1071 3719 1094 3788 (i
1111 3719 1145 3774 ia
1161 3723 1233 3789 ros.)

106 3819 131 3874 Τ
233 3819 267 3874 14
284 3833 341 3872 esse
358 3835 408 3874 ors
428 3821 454 3874 T
550 3823 683 3892 quidquid
700 3823 728 3878 B
828 3823 1019 3878 dedicesuemus
1038 3824 1074 3886 Β,
1091 3821 1233 3880 didimu-

104 3921 243 3977 rnusLV
335 3922 367 3977 15
384 3923 536 3993 ingressum
556 3922 624 3980 1:1⁷¹
710 3925 1164 3996 poeneB‚pccnaeV‚poencL

104 4025 139 4078 ro
156 4023 348 4078 custumis
367 4023 395 4079 s
498 4026 532 4080 1o
548 4025 709 4081 crossum
727 4027 755 4081 c
857 3999 952 4096 arcp
969 4027 1012 4090 u,
1042 4026 1118 4082 cnei
1135 4027 1165 4082 s

108 4127 138 4179 19
156 4125 308 4196 prosoendit
327 4127 362 4188 Β,
389 4127 538 4197 proscindit
557 4130 583 4184 L
602 4135 613 4148 ⁸
635 4127 699 4186 odd.
718 4145 754 4184 rs.
768 4144 820 4186 rec.
924 4130 1068 4184 admodum
1090 4128 1231 4185 Tinroc.

105 4213 176 4268 Μ
279 4213 314 4268 20
331 4213 455 4268 discribit
473 4215 528 4270 BL
631 4215 782 4285 languiecet
800 4217 829 4271 B
932 4217 967 4271 dd
983 4216 1119 4271 immerito
1140 4219 1166 4273 Τ

105 4297 137 4350 24
155 4299 273 4352 curasti
290 4301 353 4366 fort.
