2992 4967
250 339 274 386 X

250 511 400 577 hebentes
437 512 628 595 coegerunt:
665 508 711 575 eie
748 508 927 592 corrigendo
964 525 1091 591 prorsus
1128 508 1381 593 deprauaueruut

251 616 281 699 3,
304 614 356 681 24.
386 613 504 692 26,16
533 611 638 677 inscia
666 630 720 695 pro
751 612 883 677 16661116
911 610 1041 689 (1661616
1061 611 1114 695 P),
1136 613 1167 691 4,
1190 614 1211 681 6
1238 614 1379 679 66611166

250 735 306 801 pro
347 722 479 782 66616166
517 717 672 798 (66661666
704 715 762 800 Ρ),
800 715 836 793 9,
872 714 910 779 17
948 715 1109 796 aequatem
1142 733 1199 797 pro
1234 718 1380 799 nequeatis

251 818 368 903 (66667
383 820 435 903 Ρ),
460 819 510 898 11,
532 818 554 885 4
575 818 728 885 morderes
751 837 805 901 pro
826 818 982 883 incederes
1009 818 1174 902 (meteres
1194 822 1220 888 P
1241 820 1300 885 661
1321 838 1379 905 pro

250 922 304 989 cect
325 941 361 989 co
388 922 511 989 facilius
539 923 601 1005 legi
623 922 735 1006 potuit,
759 920 840 1004 qued
860 942 893 985 m
913 939 970 1004 pro
990 922 1029 987 16
1049 927 1208 991 exaratum
1230 924 1300 1007 eet),
1322 925 1377 1002 29,

253 1027 293 1092 16
324 1025 451 1109 1661166
484 1043 539 1110 pro
572 1024 697 1090 sinibus
730 1024 886 1109 (61661166
914 1023 962 1103 Ρ),
995 1025 1047 1103 42,
1080 1027 1102 1091 2
1134 1026 1291 1092 Niniaem
1322 1044 1379 1111 pro

253 1128 446 1195 ficinensem
476 1128 608 1209 (titffln
636 1127 687 1213 Ρ),
720 1127 773 1206 45,
802 1128 824 1193 6
850 1126 980 1208 polleret
1008 1147 1064 1210 pro
1086 1128 1204 1210 petinet
1234 1128 1380 1212 (66111661

250 1232 300 1315 Ρ),
323 1232 375 1315 47,
399 1234 419 1299 6
436 1251 573 1314 prorsas
594 1250 649 1315 pro
665 1250 797 1314 pressas
817 1236 966 1312 (6666666
979 1231 1031 1310 Ρ),
1053 1231 1104 1316 51,
1130 1232 1305 1297 11661166
1320 1250 1378 1316 pro

251 1340 370 1401 6616616
393 1334 610 1421 (16616616Ρ),
632 1334 685 1417 51,
707 1335 730 1403 5
750 1335 905 1399 minueret
925 1353 980 1417 pro
1002 1334 1140 1400 61661661
1162 1336 1314 1416 (minant
1327 1336 1377 1418 Ρ),

251 1439 303 1519 52,
329 1438 369 1504 15
395 1440 548 1505 66666616
576 1456 631 1522 pro
657 1438 725 1503 sine
746 1439 812 1505 oris
834 1440 896 1519 (sie
918 1438 983 1502 oris
1004 1440 1055 1520 Ρ),
1085 1440 1140 1516 56,
1164 1440 1203 1505 16
1222 1459 1381 1523 pomona

251 1558 307 1624 pre
329 1560 497 1625 66666666
521 1540 664 1625 (6666161
683 1540 732 1623 Ρ),
756 1541 808 1624 60,
831 1542 851 1607 6
874 1541 989 1622 affecta
1010 1557 1065 1624 pro
1086 1541 1177 1623 effeta
1198 1542 1310 1623 (effata
1325 1541 1378 1624 Ρ),

254 1644 307 1727 93,
330 1645 372 1711 22
394 1643 591 1709 continuatio
612 1660 667 1725 pro
691 1644 893 1708 concinnatio
917 1644 1123 1726 (continnatic
1146 1645 1172 1711 P
1200 1644 1240 1709 61.
1262 1642 1314 1726 87,
1339 1645 1378 1707 11

253 1748 307 1812 ubi
331 1746 526 1812 continuatio
546 1764 601 1828 pro
622 1746 824 1811 concinnatio
848 1746 929 1828 Pb),
964 1746 1015 1825 10,
1037 1746 1089 1811 24.
1123 1747 1247 1828 30,13.
1281 1748 1379 1828 42,3

254 1850 500 1917 616616116666
527 1866 582 1933 pre
610 1850 779 1913 aestimare
807 1849 973 1926 (66116666
994 1848 1044 1932 Ρ),
1079 1849 1172 1927 79,4
1199 1850 1381 1915 sinceritate

253 1972 307 2037 pre
329 1953 495 2019 securitate
518 1951 689 2037 (seceritnte
711 1950 749 2029 P)
773 1952 846 2031 616,
875 1951 926 2015 uel
950 1952 1044 2016 etiam
1072 1953 1125 2018 ubi
1156 1952 1249 2019 codex
1271 1954 1378 2019 mendi

253 2058 428 2139 suspicione
461 2055 593 2122 uacabat
622 2053 810 2122 coniecturis
839 2055 1044 2121 indulserunt.
1080 2073 1184 2121 eorum
1212 2059 1294 2121 enim
1324 2056 1378 2121 in-

252 2162 348 2227 uenta
374 2162 459 2239 eunt,
486 2177 548 2224 666
577 2178 612 2223 ex
642 2158 703 2225 alio
733 2158 864 2223 tortasse
892 2158 995 2223 codiee
1015 2159 1115 2241 petita
1135 2159 1166 2242 4,
1190 2160 1207 2224 7
1230 2180 1302 2244 erpo
1323 2176 1381 2242 pro

252 2283 322 2346 666,
347 2264 375 2343 7,
402 2263 438 2327 11
462 2261 561 2327 amici
582 2279 635 2345 pre
658 2261 876 2345 6666666116,
907 2261 955 2340 10,
981 2263 1023 2329 10
1043 2260 1148 2326 6616111
1169 2282 1224 2345 pro
1245 2262 1379 2345 indulti,

253 2368 303 2445 80,
328 2368 366 2433 11
396 2370 551 2447 qnoniam
572 2382 628 2448 pro
650 2368 821 2446 66661616,
850 2363 930 2430 011
953 2365 1004 2443 75,
1030 2366 1047 2429 1
1071 2368 1099 2428 61
1121 2364 1253 2443 indicus
1274 2384 1330 2450 pro
1351 2369 1380 2429 61

247 2468 417 2553 prodique,
450 2469 523 2548 220,
547 2470 567 2535 2
595 2468 738 2549 61166616
766 2486 821 2552 pro
848 2466 971 2548 6166616
1000 2465 1149 2550 (61166616
1175 2470 1226 2550 P).
1261 2471 1313 2533 661
1340 2486 1383 2533 66

253 2574 375 2639 meritis
397 2589 503 2639 eorum
524 2572 697 2639 obtrectare
718 2573 834 2650 uidear,
868 2573 951 2637 recte
980 2572 1183 2636 emendarunt
1202 2570 1280 2636 tatia
1302 2588 1382 2654 qnae

252 2677 345 2743 facile
380 2676 535 2742 emendari
568 2677 714 2759 poteraut
746 2676 833 2741 66161
862 2673 936 2753 259,
965 2673 1006 2739 19
1038 2674 1155 2738 annos
1181 2692 1236 2757 pro
1262 2674 1380 2751 amica,

252 2780 325 2858 317,
357 2778 397 2847 18
423 2780 537 2845 6116116
563 2798 617 2862 pro
644 2778 765 2856 nitetis,
798 2777 871 2855 345,
893 2775 936 2842 26
957 2776 1130 2858 acquireret
1159 2794 1214 2858 pro
1241 2776 1384 2841 extiterit

254 2886 431 2966 (6666666661
461 2884 510 2963 Β),
544 2883 618 2961 416,
648 2881 689 2947 26
717 2883 904 2946 reuertentes
930 2896 986 2962 pro
1014 2880 1213 2956 reuertentis,
1241 2880 1380 2963 465,19

253 2986 417 3070 66661666
440 3005 534 3050 onore
558 2986 615 3067 (sie
636 2985 674 3065 Ρ,
697 2984 765 3049 rell.
787 2982 925 3064 bonore),
954 2980 1027 3061 505,
1052 2981 1090 3048 11
1116 2982 1231 3049 soboles
1252 3002 1308 3066 pro
1330 3000 1379 3047 so·

253 3088 346 3167 botis,
379 3087 494 3172 011,
518 3088 561 3153 50
587 3087 692 3169 661116
724 3104 779 3170 pro
805 3085 920 3170 661116,
957 3086 1027 3166 15,
1049 3085 1088 3150 21
1118 3106 1294 3168 properare
1326 3103 1381 3168 pro

249 3190 443 3281 properat
474 3191 503 3267 7,
527 3191 569 3257 65
597 3188 690 3255 661161
717 3207 772 3272 pre
799 3188 903 3264 661111,
932 3189 948 3254 1
977 3190 1092 3267 9,146
1125 3188 1297 3254 Paestanis
1325 3206 1382 3270 pro

253 3293 450 3378 Paestanas,
478 3291 513 3356 11
534 3294 586 3376 45,
612 3292 651 3357 14
673 3290 716 3357 act
737 3290 839 3374 foetae
860 3311 916 3375 pre
939 3293 1079 3375 affectos,
1102 3294 1136 3359 11
1158 3292 1208 3374 63,
1232 3293 1253 3359 3
1274 3291 1383 3359 reddis

253 3417 308 3481 pro
331 3396 454 3473 reddes,
483 3396 591 3479 1167,
616 3396 632 3459 1
655 3394 763 3476 116166
783 3413 838 3477 pro
857 3394 977 3477 ficietis,
1001 3395 1107 3470 1169,
1130 3397 1150 3461 9
1172 3394 1306 3461 6616166
1325 3412 1381 3479 pro

254 3499 368 3581 666166,
396 3498 430 3564 ΙΙ
453 3497 503 3575 73,
527 3498 547 3563 2
569 3498 644 3561 6616
671 3514 726 3580 pro
758 3516 842 3577 aues,
873 3498 907 3563 ΙΙ
930 3497 981 3578 76,
1006 3498 1021 3562 1
1046 3497 1165 3563 1661616
1192 3516 1247 3582 pre
1267 3497 1381 3581 tepnis,

253 3603 361 3681 1178,
387 3602 426 3667 12
452 3598 583 3665 noctibas
612 3617 667 3682 pre
697 3600 847 3679 61661166,
876 3599 1047 3679 111431
1069 3604 1210 3682 potorem
1236 3619 1292 3684 pro
1316 3620 1380 3681 66·

253 3702 576 3785 166661,11150,10
603 3703 763 3768 uincentes
792 3722 848 3785 pro
877 3704 1043 3769 nincentts.
1078 3721 1137 3786 quo
1164 3720 1238 3769 uero
1260 3703 1382 3786 plenius

255 3828 366 3891 operae
388 3808 485 3873 161166
509 3806 598 3886 ratio,
621 3824 718 3888 quam
731 3803 774 3871 16
787 3807 966 3889 corruendo
982 3804 1178 3871 Basileeneee
1200 3809 1381 3888 posuerunt,

256 3912 498 3997 cognosceretur,
522 3909 555 3975 in
572 3907 1124 3975 6166161166666111660666166161
1141 3907 1182 3975 10
1192 3909 1277 3987 -21,
1299 3927 1380 3991 quae

255 4033 290 4080 ex
325 4014 430 4079 codice
464 4012 661 4079 Bruxellensi
694 4013 795 4096 petita
828 4016 917 4091 sunt,
952 4015 1141 4078 correcturas
1174 4010 1282 4076 11116
1310 4029 1381 4094 ope-

254 4138 359 4185 rarum
394 4137 484 4185 usum
522 4134 616 4199 supra
651 4114 751 4182 lineas
784 4114 822 4181 ab
855 4113 896 4179 iis
933 4112 1066 4196 scriptae
1101 4114 1283 4181 adterendae
1318 4132 1383 4179 esse

254 4222 372 4305 putaui.
