2992 4967
386 347 620 417 Epistularum
641 347 727 403 liber
744 347 807 403 m
1094 351 1158 417 179

43 534 93 620 qui
106 535 200 605 illam
214 536 296 605 eirea
307 554 357 603 me
369 534 502 603 seruatis
516 534 724 622 diligentiam,
739 554 801 619 qua
811 537 962 620 potiorem
973 554 1029 603 neo
1039 534 1158 621 dignm-

41 637 127 705 simis
142 638 357 723 praestaretis.
380 638 504 725 domine
518 639 574 719 mi,
596 638 796 705 salutationis
812 638 1020 707 reuerentiam
1034 640 1158 708 soluous

42 759 140 825 sporo,
162 747 200 809 ut
221 758 308 809 orare
328 760 385 826 pro
406 760 456 809 mo
476 740 606 809 minimo
629 741 786 810 tsistute
810 744 843 808 et
869 743 911 810 ad
939 741 1158 811 calamitatum

42 845 156 913 solatia
178 844 309 913 luentia
329 861 420 929 opem
442 846 558 929 scripta
585 846 763 911 mittantur.

17 1052 28 1093 a
578 1030 618 1097 X.

307 1166 488 1223 ENNODIVS
506 1165 621 1223 stolio
637 1166 683 1223 ΕΤ
699 1167 895 1227 bibonam

81 1287 279 1375 conpulsoris
297 1289 424 1356 funotus
439 1289 540 1356 odiuio
555 1291 594 1356 nd
608 1290 846 1358 redhibitionem
858 1293 1071 1376 promissionis
1082 1310 1157 1358 suae

41 1391 91 1457 uir
119 1392 310 1459 muratum
340 1392 443 1477 abegi,
473 1396 510 1459 ut
539 1394 622 1478 qnod
642 1394 802 1461 adnomen
824 1393 958 1461 debebat
979 1396 1157 1461 exsolueret.

42 1512 134 1577 genus
156 1498 252 1562 durae
274 1496 488 1579 professionis,
519 1497 556 1563 ut
577 1516 597 1564 a
619 1497 707 1563 uobis
733 1497 864 1564 dicenda
883 1496 1096 1580 praeueniam:
1119 1499 1157 1563 ad

16 1600 256 1666 uuereaundiam
278 1600 409 1666 olerions
425 1601 584 1667 inolinaui.
615 1601 705 1685 qualo
726 1601 770 1667 sit
791 1618 851 1683 qno
864 1600 1047 1667 molliuntur
1059 1600 1157 1667 obsti·

44 1701 194 1768 notissimi
218 1702 346 1786 etquid
369 1704 428 1771 sibi
450 1704 528 1771 uelit
550 1704 604 1787 qui
626 1706 765 1787 raptores
779 1703 894 1787 spoliat
911 1702 1084 1769 aestimate.
1106 1722 1157 1768 ar-

44 1804 123 1885 genti
145 1804 270 1887 libram,
294 1825 389 1890 quam
411 1806 506 1873 butor
527 1806 717 1890 Epiphanius
739 1806 835 1886 dedit,
865 1806 958 1873 fratri
979 1804 1096 1873 Gaiano
1118 1808 1156 1872 ad

45 1922 94 1971 uos
115 1906 336 1989 perforandam
359 1909 492 1993 tradidi,
525 1911 624 1992 pastis
652 1913 758 1975 tamen
785 1908 885 1975 adhue
905 1908 987 1992 apud
1007 1928 1057 1974 mo
1079 1926 1158 1992 quae

44 2010 159 2094 susoepi
181 2012 369 2078 eonstitutis.
415 2014 513 2077 restat
534 2013 584 2091 ut,
611 2012 639 2078 si
666 2013 788 2078 tradere
810 2012 957 2091 debeam,
978 2011 1157 2095 designetis.

18 2111 154 2179 udomini
176 2115 231 2193 mi,
255 2112 478 2180 salutationem
499 2113 713 2215 plenissimam
734 2116 841 2181 dinone
862 2132 947 2199 rogo,
970 2116 1008 2180 nt
1020 2115 1157 2197 primum

45 2232 92 2296 per
112 2218 237 2283 muetos
258 2233 314 2299 pro
336 2234 387 2283 mo
403 2236 490 2285 orare
504 2215 685 2301 dignemini,
707 2216 817 2284 deindo
832 2217 953 2285 domnis
968 2217 1156 2283 amatoribus

46 2318 147 2384 nostis
169 2318 316 2403 obsequia
338 2338 409 2387 maa
430 2319 488 2387 sub
511 2320 569 2386 illa
590 2340 650 2405 qua
672 2340 722 2387 me
743 2339 854 2407 oupsre
868 2322 957 2388 stitis
979 2319 1156 2387 humilitate

45 2421 182 2489 reddatis.

568 2542 624 2609 XL

20 2678 39 2718 ‘l
402 2679 585 2736 Ennomus
612 2678 787 2737 sonnino

80 2798 162 2867 Male
186 2805 234 2867 est
257 2800 461 2883 animoniae,
484 2803 564 2887 qnod
588 2803 627 2870 de
649 2804 811 2870 facundiae
838 2820 913 2867 snae
934 2800 1060 2867 dotibus
1077 2799 1156 2867 mibi

46 2898 230 2970 abundantia
251 2906 357 2972 uestra
379 2906 424 2969 nil
445 2904 558 2973 tribuit
573 2907 606 2972 et
620 2907 666 2972 ita
682 2906 876 2991 eloquentiae
891 2902 1001 2986 opibus
1015 2902 1154 2985 incubat,

44 3004 76 3067 ut
95 3010 215 3089 partem
238 3026 273 3072 ex
295 3008 340 3075 eiu
370 3008 469 3076 faeere
502 3010 701 3096 saerilegium
730 3008 935 3092 computetur.
977 3006 1081 3091 turpis
1108 3013 1155 3073 est

91 3224 104 3277 1
132 3226 260 3281 armastis
286 3224 313 3281 Τ
430 3226 600 3297 diligentium
612 3228 861 3297 -praoseutaretis
882 3245 932 3285 om.
955 3229 988 3327 ΒΙ
1003 3228 1068 3283 odd.
1090 3245 1112 3284 e.
1136 3229 1154 3284 l.

44 3338 108 3380 σοιν.
210 3346 252 3383 me
273 3330 397 3399 portion&
420 3329 447 3385 L
549 3331 794 3400 ipraoeantaratis
820 3331 869 3387 Bb
968 3350 997 3387 m
1020 3332 1057 3399 Τ,
1085 3331 1154 3386 mihi

45 3406 139 3468 BLVb
242 3414 486 3471 doulamitatiei'
575 3416 712 3471 teolatia
729 3416 815 3472 ΜΨ
902 3418 1041 3473 forentium
1058 3417 1087 3472 Β

45 3494 153 3553 mittatis
171 3500 253 3556 Siren

90 3598 120 3653 X.
154 3602 380 3659 'fredibitionem
400 3605 488 3672 ΒΝ,
515 3605 688 3661 rodibiloiond
705 3607 733 3662 Ι,
834 3605 983 3661 ildebabat
998 3606 1058 3672 (bat
1073 3606 1154 3669 oon.)

45 3680 69 3735 Is
162 3689 349 3748 exolueratT
447 3692 628 3747 9dioeudam
653 3692 681 3747 L
793 3692 827 3748 10
852 3691 1032 3748 narlooudiam
1056 3691 1085 3745 B

44 3751 184 3847 mdlinutnr
206 3791 234 3846 V
331 3794 362 3851 11
387 3795 465 3849 uellit
486 3794 513 3849 Β
615 3795 662 3865 qui
679 3796 929 3865 raptores-epist.
946 3797 980 3850 13
992 3810 1022 3864 p.
1040 3798 1098 3861 181,
1116 3796 1153 3851 26

46 3884 155 3934 mnam,
169 3878 220 3947 Bo,
234 3882 416 3949 psimedd.
429 3882 511 3938 Sim.
609 3883 756 3938 etimatoL
851 3878 1085 3950 ldpferandamL

47 3970 75 4025 14
90 3978 224 4050 resignetis
240 3982 310 4048 sort.
412 3984 445 4038 15
463 3983 615 4040 domineT
709 4002 736 4039 m
755 3984 785 4051 T,
812 3984 880 4040 mibi
898 3982 956 4040 LV
1047 3984 1080 4039 16
1096 3984 1152 4054 per]

46 4066 379 4133 tununnensis».
464 4070 777 4139 promeeauatosdim.
861 4067 1100 4124 ntuentium

92 4181 137 4240 XI.
170 4187 202 4243 21
227 4192 269 4243 oet
288 4204 338 4246 om.
364 4190 390 4246 Τ
487 4188 608 4247 fauondie
628 4192 663 4247 T*
765 4190 800 4245 22
822 4190 1007 4247 hebnndantia
1027 4189 1053 4244 Τ
1072 4196 1098 4244 et
1114 4190 1153 4243 eia

47 4270 146 4335 turpius
248 4276 317 4330 nihil
335 4275 418 4333 Sim.

996 4379 1049 4435 12·
