2992 4967
417 1104 612 1189 ironic
646 1102 927 1191 OCTAVVS.

659 1329 686 1393 Ι.

501 1478 631 1536 sonmo
648 1478 844 1538 ennomus,

155 1600 300 1685 Optimae
330 1602 396 1685 spei
428 1602 536 1687 plenus
564 1604 614 1669 cui
648 1603 788 1670 faustum
822 1604 913 1687 cupio
940 1604 980 1671 ad
1002 1623 1109 1670 curam
1137 1604 1233 1691 officii

111 1704 291 1787 epistularis
307 1704 440 1789 adspiro.
472 1706 561 1771 decet
582 1706 665 1771 enim
680 1706 796 1770 uestris
812 1704 950 1771 fascibus
964 1706 1025 1773 hac
1039 1708 1233 1791 praefatione

88 1806 244 1872 adelibari
273 1810 304 1871 et
331 1808 412 1872 inter
439 1828 593 1892 pmpuras
620 1811 804 1894 possessoris
831 1810 899 1875 luce
929 1816 1101 1877 crescentes
1131 1812 1233 1895 quali·

111 1928 243 1992 eumque
275 1930 336 1975 non
369 1910 527 1977 abstinere
561 1911 732 1996 conloquio.
770 1914 920 1995 numquid
952 1912 1047 1979 solius
1074 1914 1232 1981 doctrinae

110 2012 270 2078 beneficiis
294 2032 379 2079 amor
402 2017 578 2099 agnoscitur
593 2035 649 2081 nee
672 2014 720 2081 fas
743 2034 809 2081 esse
832 2017 1019 2081 eredendum
1042 2022 1089 2083 est
1110 2019 1232 2101 prodire

110 2118 143 2180 in
165 2118 305 2182 medium
327 2118 478 2184 desideria
505 2118 709 2183 rusticantis?
740 2118 912 2202 simplicius
941 2121 1137 2186 innotescunt
1160 2126 1234 2187 uota

112 2220 198 2284 nullo
221 2221 351 2303 peritiae
373 2222 477 2287 uelata
499 2220 676 2305 praestigio.
702 2239 774 2304 ergo
796 2240 852 2287 nos
868 2221 926 2287 hoc
946 2241 1053 2288 sumus
1076 2241 1127 2289 ore
1148 2224 1230 2305 quod

74 2342 101 2381 ιο
110 2327 252 2407 pectore:
274 2342 334 2388 non
355 2343 461 2389 amara
481 2325 728 2408 praecordiorum
747 2324 913 2390 delenificis
929 2344 1090 2408 possumus
1112 2330 1234 2391 mutare

111 2425 321 2492 sermonibus:
343 2430 460 2509 pudens
482 2426 624 2493 laudator
654 2431 700 2492 est
722 2426 772 2492 cui
794 2429 827 2493 in
849 2427 1082 2495 concinnatione
1110 2430 1232 2495 olandi-

110 2529 209 2595 menti
238 2528 368 2595 dicenda
395 2548 483 2595 mens
510 2531 659 2613 suggerit.
697 2530 753 2595 deo
780 2548 853 2613 ergo
876 2532 1080 2612 omnipotenti
1102 2535 1230 2616 gratias,

109 2632 165 2715 qui
188 2632 220 2697 in
244 2632 339 2710 uobis,
363 2632 437 2699 dum
461 2632 566 2697 uetera
588 2631 725 2697 familiae
747 2633 868 2697 uestrae
890 2635 971 2701 bona
986 2635 1130 2712 custodit,
1152 2653 1233 2701 noua

110 2734 303 2817 multiplicat
318 2740 359 2813 et,
378 2736 459 2817 quod
481 2738 552 2819 plus
568 2740 617 2800 est
632 2735 718 2817 apice
740 2734 915 2821 dignitatis,
939 2736 1048 2819 dignos
1072 2736 1147 2801 facit
1168 2755 1233 2803 esse

75 2838 309 2903 commnione.
345 2839 486 2903 redditur
514 2839 638 2919 quidem
668 2838 791 2902 uestrae
814 2837 912 2923 gloria
933 2838 997 2905 ista
1017 2840 1144 2921 origini,
1166 2839 1230 2917 sed,

110 2941 192 3023 qnod
217 2941 418 3020 emeterius,
442 2943 553 3007 merito
576 2942 753 3023 inpetraute
782 2960 937 3025 personae.
975 2940 1125 3007 fueritin
1148 2932 1233 3007 more

109 3042 268 3109 ueteribus
292 3042 447 3108 curulium
471 3044 686 3109 celsitudinem
710 3045 811 3129 campi
834 3045 943 3110 sudore
964 3044 1095 3111 mereari
1111 3028 1143 3109 ei
1158 3062 1233 3109 con·

109 3148 233 3229 temptu
263 3146 341 3211 lucis
370 3144 521 3210 honorum
543 3146 606 3210 sole
628 3146 765 3231 fulgere:
796 3146 849 3212 sed
871 3147 958 3214 aliud
980 3167 1078 3231 genus
1101 3146 1228 3214 uirtutis

109 3250 286 3332 quaeritur,
324 3254 489 3331 postquam
526 3249 699 3331 proemium
735 3250 821 3315 iacis
854 3251 901 3316 est
934 3251 1032 3317 Roma
1064 3252 1229 3316 uictorum.

73 3356 216 3417 aenoster
253 3350 435 3417 candidatus
472 3355 541 3433 post
578 3353 779 3419 manifestam
811 3353 1055 3420 decertationem
1086 3354 1230 3419 debitum

109 3456 314 3538 triumphum,
350 3455 424 3521 dum
456 3472 627 3536 numquam
661 3456 775 3522 uiderit
806 3456 907 3535 bolla,
940 3458 1079 3522 sortitur.
1118 3456 1232 3521 iudicio

109 3560 207 3642 exigit
228 3560 348 3623 laureas
371 3560 403 3623 et
418 3559 563 3642 congredi
578 3577 638 3623 non
654 3560 865 3623 necessarium
879 3559 968 3624 duxit
982 3558 1122 3626 armatis.
1148 3558 1233 3622 inter

161 3814 183 3867 1.
214 3814 354 3869 ereetum
373 3813 457 3869 nur
557 3786 638 3898 dupio
655 3813 683 3866 n
781 3816 811 3867 aa
827 3812 863 3867 se
879 3812 907 3867 a
1001 3812 1103 3866 sues
1119 3812 1164 3867 no

108 3915 566 3985 bdelibsariieaeiereroo.)11
668 3930 798 3985 purporas
815 3914 853 3967 ΒΙ
951 3914 1124 3983 possessionis
1142 3915 1168 3969 T

110 4002 251 4055 crescentis
270 4000 312 4055 Bo
410 4000 443 4055 10
461 4003 522 4071 non]
540 4018 588 4055 nec
605 3998 687 4056 m
779 4000 920 4055 delinificis
937 4000 981 4055 Bo
1078 4002 1110 4055 11
1128 4002 1234 4055 concin-

110 4087 219 4141 natione
246 4088 274 4140 Β
301 4090 346 4153 (m.
374 4090 438 4152 rec.)
465 4088 495 4151 d,
534 4090 720 4142 concenatione
745 4086 785 4155 B,
827 4086 1062 4156 condempnatione
1087 4084 1168 4140 ΜΨ

110 4172 144 4225 12
161 4172 265 4240 sugerit
283 4172 322 4226 ΒΙ
420 4173 524 4240 gratias
542 4174 721 4241 omnipotenti
738 4173 823 4229 MV
919 4174 953 4227 16
970 4189 1069 4227 morem
1085 4172 1168 4229 m

112 4258 145 4311 18
162 4257 226 4325 soie]
245 4256 303 4311 luce
322 4256 406 4329 Siron.
509 4257 543 4309 22
560 4258 647 4326 exiget
665 4258 706 4325 13;
732 4258 822 4326 exegit
836 4256 903 4323 fort.
