<?xml version="1.0" encoding="UTF-8"?>
<!DOCTYPE html PUBLIC "-//W3C//DTD XHTML 1.0 Transitional//EN"
    "http://www.w3.org/TR/xhtml1/DTD/xhtml1-transitional.dtd">
<html xmlns="http://www.w3.org/1999/xhtml" xml:lang="en" lang="en">
 <head>
  <title>
</title>
<meta http-equiv="Content-Type" content="text/html;charset=utf-8" />
  <meta name='ocr-system' content='tesseract 3.04.00' />
  <meta name='ocr-capabilities' content='ocr_page ocr_carea ocr_par ocr_line ocrx_word'/>
</head>
<body>
  <div class='ocr_page' id='page_1' title='image "./corpusscriptoru10wissgoog/corpusscriptoru10wissgoog_0347.png"; bbox 0 0 2992 4967; ppageno 0'>
   <div class='ocr_carea' id='block_1_1' title="bbox 426 359 1209 434">
    <p class='ocr_par' dir='ltr' id='par_1_1' title="bbox 426 359 1209 434">
     <span class='ocr_line' id='line_1_1' title="bbox 426 359 1209 434; baseline 0.009 -15"><span class='ocrx_word' id='word_1_1' title='bbox 426 364 662 434; x_wconf 71' lang='lat' dir='ltr'><strong>Epistularum</strong></span> <span class='ocrx_word' id='word_1_2' title='bbox 684 362 773 417; x_wconf 89' lang='lat' dir='ltr'><strong>liber</strong></span> <span class='ocrx_word' id='word_1_3' title='bbox 791 362 868 419; x_wconf 84' lang='lat' dir='ltr'><strong>vm.</strong></span> <span class='ocrx_word' id='word_1_4' title='bbox 1144 359 1209 430; x_wconf 79' lang='lat'><strong>215</strong></span> 
     </span>
    </p>
   </div>
   <div class='ocr_carea' id='block_1_2' title="bbox 61 552 1209 1242">
    <p class='ocr_par' dir='ltr' id='par_1_2' title="bbox 61 552 1209 1242">
     <span class='ocr_line' id='line_1_2' title="bbox 84 552 1207 641; baseline -0.007 -16"><span class='ocrx_word' id='word_1_5' title='bbox 84 557 240 625; x_wconf 88' lang='lat' dir='ltr'><strong>desideria</strong></span> <span class='ocrx_word' id='word_1_6' title='bbox 263 556 366 621; x_wconf 78' lang='lat' dir='ltr'><strong>alima</strong></span> <span class='ocrx_word' id='word_1_7' title='bbox 387 574 579 641; x_wconf 75' lang='lat' dir='ltr'><strong>cognoscere.</strong></span> <span class='ocrx_word' id='word_1_8' title='bbox 607 573 678 639; x_wconf 88' lang='lat' dir='ltr'><strong>crgo</strong></span> <span class='ocrx_word' id='word_1_9' title='bbox 707 553 836 619; x_wconf 87' lang='lat' dir='ltr'><strong>seruitio</strong></span> <span class='ocrx_word' id='word_1_10' title='bbox 858 552 1056 625; x_wconf 73' lang='lat' dir='ltr'><strong>salutationis</strong></span> <span class='ocrx_word' id='word_1_11' title='bbox 1072 554 1207 619; x_wconf 80' lang='lat' dir='ltr'><strong>exhibito</strong></span> 
     </span>
     <span class='ocr_line' id='line_1_3' title="bbox 83 657 1206 741; baseline -0.004 -14"><span class='ocrx_word' id='word_1_12' title='bbox 83 662 187 727; x_wconf 76' lang='lat' dir='ltr'><strong>indIco</strong></span> <span class='ocrx_word' id='word_1_13' title='bbox 209 678 259 725; x_wconf 90' lang='lat' dir='ltr'><strong>me</strong></span> <span class='ocrx_word' id='word_1_14' title='bbox 281 660 407 725; x_wconf 87' lang='lat' dir='ltr'><strong>caelesti</strong></span> <span class='ocrx_word' id='word_1_15' title='bbox 422 657 579 735; x_wconf 85' lang='lat' dir='ltr'><strong>beneficio,</strong></span> <span class='ocrx_word' id='word_1_16' title='bbox 598 659 762 741; x_wconf 88' lang='lat' dir='ltr'><strong>postquam</strong></span> <span class='ocrx_word' id='word_1_17' title='bbox 777 657 914 721; x_wconf 89' lang='lat' dir='ltr'><strong>cessauit</strong></span> <span class='ocrx_word' id='word_1_18' title='bbox 928 657 1067 723; x_wconf 87' lang='lat' dir='ltr'><strong>humana</strong></span> <span class='ocrx_word' id='word_1_19' title='bbox 1078 659 1206 736; x_wconf 86' lang='lat' dir='ltr'><strong>curatio,</strong></span> 
     </span>
     <span class='ocr_line' id='line_1_4' title="bbox 84 760 1207 843; baseline -0.004 -14"><span class='ocrx_word' id='word_1_20' title='bbox 84 784 156 829; x_wconf 87' lang='lat' dir='ltr'><strong>mor</strong></span> <span class='ocrx_word' id='word_1_21' title='bbox 178 764 339 829; x_wconf 86' lang='lat' dir='ltr'><strong>sanatum:</strong></span> <span class='ocrx_word' id='word_1_22' title='bbox 378 764 537 828; x_wconf 87' lang='lat' dir='ltr'><strong>reuocauit</strong></span> <span class='ocrx_word' id='word_1_23' title='bbox 569 780 620 825; x_wconf 89' lang='lat' dir='ltr'><strong>me</strong></span> <span class='ocrx_word' id='word_1_24' title='bbox 652 760 692 825; x_wconf 88' lang='lat' dir='ltr'><strong>ad</strong></span> <span class='ocrx_word' id='word_1_25' title='bbox 720 778 808 841; x_wconf 92' lang='lat' dir='ltr'><strong>spem</strong></span> <span class='ocrx_word' id='word_1_26' title='bbox 833 761 1047 843; x_wconf 73' lang='lat' dir='ltr'><strong>prosperitatis</strong></span> <span class='ocrx_word' id='word_1_27' title='bbox 1069 780 1120 825; x_wconf 89' lang='lat' dir='ltr'><strong>res</strong></span> <span class='ocrx_word' id='word_1_28' title='bbox 1142 761 1207 839; x_wconf 85' lang='lat' dir='ltr'><strong>illa,</strong></span> 
     </span>
     <span class='ocr_line' id='line_1_5' title="bbox 84 862 1207 950; baseline -0.003 -19"><span class='ocrx_word' id='word_1_29' title='bbox 84 869 159 950; x_wconf 91' lang='lat' dir='ltr'><strong>quia</strong></span> <span class='ocrx_word' id='word_1_30' title='bbox 184 866 298 932; x_wconf 87' lang='lat' dir='ltr'><strong>medici</strong></span> <span class='ocrx_word' id='word_1_31' title='bbox 327 866 527 930; x_wconf 89' lang='lat' dir='ltr'><strong>destiterunt.</strong></span> <span class='ocrx_word' id='word_1_32' title='bbox 561 882 642 929; x_wconf 89' lang='lat' dir='ltr'><strong>nunc</strong></span> <span class='ocrx_word' id='word_1_33' title='bbox 677 862 791 945; x_wconf 89' lang='lat' dir='ltr'><strong>gaudia</strong></span> <span class='ocrx_word' id='word_1_34' title='bbox 823 866 942 938; x_wconf 81' lang='lat' dir='ltr'><strong>uestra,</strong></span> <span class='ocrx_word' id='word_1_35' title='bbox 979 862 1063 928; x_wconf 88' lang='lat' dir='ltr'><strong>sicut</strong></span> <span class='ocrx_word' id='word_1_36' title='bbox 1090 864 1129 929; x_wconf 89' lang='lat' dir='ltr'><strong>de</strong></span> <span class='ocrx_word' id='word_1_37' title='bbox 1157 882 1207 928; x_wconf 89' lang='lat' dir='ltr'><strong>me</strong></span> 
     </span>
     <span class='ocr_line' id='line_1_6' title="bbox 61 964 1207 1052; baseline 0.001 -22"><span class='ocrx_word' id='word_1_38' title='bbox 61 972 225 1045; x_wconf 83' lang='lat' dir='ltr'><strong>saestimo,</strong></span> <span class='ocrx_word' id='word_1_39' title='bbox 249 970 466 1052; x_wconf 87' lang='lat' dir='ltr'><strong>cognoscentes</strong></span> <span class='ocrx_word' id='word_1_40' title='bbox 489 984 614 1032; x_wconf 88' lang='lat' dir='ltr'><strong>mecam</strong></span> <span class='ocrx_word' id='word_1_41' title='bbox 637 965 783 1031; x_wconf 86' lang='lat' dir='ltr'><strong>laudibus</strong></span> <span class='ocrx_word' id='word_1_42' title='bbox 804 964 1027 1048; x_wconf 79' lang='lat' dir='ltr'><strong>prosequimini</strong></span> <span class='ocrx_word' id='word_1_43' title='bbox 1048 968 1131 1032; x_wconf 91' lang='lat' dir='ltr'><strong>tanti</strong></span> <span class='ocrx_word' id='word_1_44' title='bbox 1153 966 1207 1031; x_wconf 90' lang='lat' dir='ltr'><strong>be·</strong></span> 
     </span>
     <span class='ocr_line' id='line_1_7' title="bbox 84 1068 1209 1156; baseline -0.002 -19"><span class='ocrx_word' id='word_1_45' title='bbox 84 1073 191 1140; x_wconf 89' lang='lat' dir='ltr'><strong>nafieii</strong></span> <span class='ocrx_word' id='word_1_46' title='bbox 212 1072 393 1156; x_wconf 88' lang='lat' dir='ltr'><strong>largitorem</strong></span> <span class='ocrx_word' id='word_1_47' title='bbox 416 1074 458 1149; x_wconf 90' lang='lat' dir='ltr'><strong>et,</strong></span> <span class='ocrx_word' id='word_1_48' title='bbox 481 1072 508 1137; x_wconf 93' lang='lat' dir='ltr'><strong>si</strong></span> <span class='ocrx_word' id='word_1_49' title='bbox 531 1070 631 1135; x_wconf 91' lang='lat' dir='ltr'><strong>adhuc</strong></span> <span class='ocrx_word' id='word_1_50' title='bbox 651 1086 706 1135; x_wconf 88' lang='lat' dir='ltr'><strong>uos</strong></span> <span class='ocrx_word' id='word_1_51' title='bbox 726 1068 849 1153; x_wconf 82' lang='lat' dir='ltr'><strong>longior</strong></span> <span class='ocrx_word' id='word_1_52' title='bbox 862 1085 951 1132; x_wconf 89' lang='lat' dir='ltr'><strong>mora</strong></span> <span class='ocrx_word' id='word_1_53' title='bbox 964 1070 1092 1145; x_wconf 75' lang='lat' dir='ltr'><strong>detinet,</strong></span> <span class='ocrx_word' id='word_1_54' title='bbox 1116 1088 1209 1151; x_wconf 88' lang='lat' dir='ltr'><strong>qnam</strong></span> 
     </span>
     <span class='ocr_line' id='line_1_8' title="bbox 84 1172 637 1242; baseline -0.009 -2"><span class='ocrx_word' id='word_1_55' title='bbox 84 1176 165 1242; x_wconf 89' lang='lat' dir='ltr'><strong>bene</strong></span> <span class='ocrx_word' id='word_1_56' title='bbox 188 1176 321 1241; x_wconf 88' lang='lat' dir='ltr'><strong>ualeatis</strong></span> <span class='ocrx_word' id='word_1_57' title='bbox 343 1174 458 1239; x_wconf 86' lang='lat' dir='ltr'><strong>litteris</strong></span> <span class='ocrx_word' id='word_1_58' title='bbox 481 1172 637 1238; x_wconf 89' lang='lat' dir='ltr'><strong>intimate.</strong></span> 
     </span>
    </p>
   </div>
   <div class='ocr_carea' id='block_1_3' title="bbox 483 1376 814 1563">
    <p class='ocr_par' dir='ltr' id='par_1_3' title="bbox 483 1376 814 1563">
     <span class='ocr_line' id='line_1_9' title="bbox 589 1376 709 1441; baseline -0.008 0"><span class='ocrx_word' id='word_1_59' title='bbox 589 1376 709 1441; x_wconf 83' lang='lat' dir='ltr'>XXIII.</span> 
     </span>
     <span class='ocr_line' id='line_1_10' title="bbox 483 1506 814 1563; baseline 0.003 -1"><span class='ocrx_word' id='word_1_60' title='bbox 483 1506 666 1563; x_wconf 78' lang='lat' dir='ltr'>ENNODIVS</span> <span class='ocrx_word' id='word_1_61' title='bbox 691 1507 814 1563; x_wconf 78' lang='lat' dir='ltr'><strong>FLOBO.</strong></span> 
     </span>
    </p>
   </div>
   <div class='ocr_carea' id='block_1_4' title="bbox 55 1630 1211 2433">
    <p class='ocr_par' dir='ltr' id='par_1_4' title="bbox 55 1630 1211 2127">
     <span class='ocr_line' id='line_1_11' title="bbox 55 1630 1205 1715; baseline 0.004 -21"><span class='ocrx_word' id='word_1_62' title='bbox 55 1656 79 1695; x_wconf 78' lang='lat' dir='ltr'><strong>aa</strong></span> <span class='ocrx_word' id='word_1_63' title='bbox 131 1630 315 1714; x_wconf 76' lang='lat' dir='ltr'><strong>Spectabilis</strong></span> <span class='ocrx_word' id='word_1_64' title='bbox 343 1635 392 1699; x_wconf 85' lang='lat' dir='ltr'><strong>uir</strong></span> <span class='ocrx_word' id='word_1_65' title='bbox 415 1632 613 1698; x_wconf 83' lang='lat' dir='ltr'><strong>Eleutherius</strong></span> <span class='ocrx_word' id='word_1_66' title='bbox 641 1634 674 1697; x_wconf 92' lang='lat' dir='ltr'><strong>iu</strong></span> <span class='ocrx_word' id='word_1_67' title='bbox 702 1633 825 1715; x_wconf 86' lang='lat' dir='ltr'><strong>negotio</strong></span> <span class='ocrx_word' id='word_1_68' title='bbox 855 1648 921 1713; x_wconf 90' lang='lat' dir='ltr'><strong>suo,</strong></span> <span class='ocrx_word' id='word_1_69' title='bbox 951 1633 1031 1714; x_wconf 91' lang='lat' dir='ltr'><strong>quod</strong></span> <span class='ocrx_word' id='word_1_70' title='bbox 1053 1650 1072 1697; x_wconf 91' lang='lat' dir='ltr'><strong>a</strong></span> <span class='ocrx_word' id='word_1_71' title='bbox 1093 1633 1205 1699; x_wconf 92' lang='lat' dir='ltr'><strong>domno</strong></span> 
     </span>
     <span class='ocr_line' id='line_1_12' title="bbox 87 1734 1207 1819; baseline 0.002 -22"><span class='ocrx_word' id='word_1_72' title='bbox 87 1734 247 1816; x_wconf 85' lang='lat' dir='ltr'><strong>praelecto</strong></span> <span class='ocrx_word' id='word_1_73' title='bbox 282 1734 470 1800; x_wconf 89' lang='lat' dir='ltr'><strong>audiendum</strong></span> <span class='ocrx_word' id='word_1_74' title='bbox 498 1736 642 1801; x_wconf 84' lang='lat' dir='ltr'><strong>Vicarius</strong></span> <span class='ocrx_word' id='word_1_75' title='bbox 675 1739 869 1819; x_wconf 79' lang='lat' dir='ltr'><strong>susceperat,</strong></span> <span class='ocrx_word' id='word_1_76' title='bbox 898 1734 936 1799; x_wconf 89' lang='lat' dir='ltr'><strong>ad</strong></span> <span class='ocrx_word' id='word_1_77' title='bbox 968 1735 1207 1817; x_wconf 88' lang='lat' dir='ltr'><strong>amplitudinem</strong></span> 
     </span>
     <span class='ocr_line' id='line_1_13' title="bbox 89 1838 1208 1921; baseline 0.001 -20"><span class='ocrx_word' id='word_1_78' title='bbox 89 1840 229 1902; x_wconf 85' lang='lat' dir='ltr'><strong>uestram</strong></span> <span class='ocrx_word' id='word_1_79' title='bbox 251 1856 271 1901; x_wconf 92' lang='lat' dir='ltr'><strong>a</strong></span> <span class='ocrx_word' id='word_1_80' title='bbox 292 1856 341 1901; x_wconf 90' lang='lat' dir='ltr'><strong>me</strong></span> <span class='ocrx_word' id='word_1_81' title='bbox 364 1840 636 1905; x_wconf 87' lang='lat' dir='ltr'><strong>commendaticias</strong></span> <span class='ocrx_word' id='word_1_82' title='bbox 659 1840 806 1921; x_wconf 90' lang='lat' dir='ltr'><strong>sperauit,</strong></span> <span class='ocrx_word' id='word_1_83' title='bbox 829 1839 956 1903; x_wconf 92' lang='lat' dir='ltr'><strong>credens</strong></span> <span class='ocrx_word' id='word_1_84' title='bbox 978 1839 1066 1903; x_wconf 86' lang='lat' dir='ltr'><strong>salua</strong></span> <span class='ocrx_word' id='word_1_85' title='bbox 1086 1838 1208 1903; x_wconf 91' lang='lat' dir='ltr'><strong>iustitia</strong></span> 
     </span>
     <span class='ocr_line' id='line_1_14' title="bbox 89 1940 1211 2027; baseline 0.002 -24"><span class='ocrx_word' id='word_1_86' title='bbox 89 1957 180 2023; x_wconf 89' lang='lat' dir='ltr'><strong>opem</strong></span> <span class='ocrx_word' id='word_1_87' title='bbox 203 1942 261 2005; x_wconf 89' lang='lat' dir='ltr'><strong>sibi</strong></span> <span class='ocrx_word' id='word_1_88' title='bbox 276 1940 430 2021; x_wconf 89' lang='lat' dir='ltr'><strong>integram</strong></span> <span class='ocrx_word' id='word_1_89' title='bbox 446 1959 535 2025; x_wconf 90' lang='lat' dir='ltr'><strong>posse</strong></span> <span class='ocrx_word' id='word_1_90' title='bbox 549 1944 723 2027; x_wconf 88' lang='lat' dir='ltr'><strong>subpetere‚</strong></span> <span class='ocrx_word' id='word_1_91' title='bbox 739 1941 767 2005; x_wconf 89' lang='lat' dir='ltr'><strong>si</strong></span> <span class='ocrx_word' id='word_1_92' title='bbox 784 1944 860 2006; x_wconf 90' lang='lat' dir='ltr'><strong>meis</strong></span> <span class='ocrx_word' id='word_1_93' title='bbox 875 1942 956 2024; x_wconf 90' lang='lat' dir='ltr'><strong>apud</strong></span> <span class='ocrx_word' id='word_1_94' title='bbox 977 1960 1032 2006; x_wconf 92' lang='lat' dir='ltr'><strong>uos</strong></span> <span class='ocrx_word' id='word_1_95' title='bbox 1049 1942 1211 2007; x_wconf 87' lang='lat' dir='ltr'><strong>iuuaretur</strong></span> 
     </span>
     <span class='ocr_line' id='line_1_15' title="bbox 89 2041 1210 2127; baseline 0.004 -23"><span class='ocrx_word' id='word_1_96' title='bbox 89 2041 243 2125; x_wconf 84' lang='lat' dir='ltr'><strong>alloquiis.</strong></span> <span class='ocrx_word' id='word_1_97' title='bbox 267 2060 339 2125; x_wconf 88' lang='lat' dir='ltr'><strong>rogo</strong></span> <span class='ocrx_word' id='word_1_98' title='bbox 362 2061 434 2127; x_wconf 89' lang='lat' dir='ltr'><strong>ergo</strong></span> <span class='ocrx_word' id='word_1_99' title='bbox 456 2044 570 2110; x_wconf 91' lang='lat' dir='ltr'><strong>honore</strong></span> <span class='ocrx_word' id='word_1_100' title='bbox 584 2046 783 2111; x_wconf 78' lang='lat' dir='ltr'><strong>salutationis</strong></span> <span class='ocrx_word' id='word_1_101' title='bbox 805 2045 952 2122; x_wconf 79' lang='lat' dir='ltr'><strong>exhibito,</strong></span> <span class='ocrx_word' id='word_1_102' title='bbox 974 2044 1011 2107; x_wconf 90' lang='lat' dir='ltr'><strong>nt</strong></span> <span class='ocrx_word' id='word_1_103' title='bbox 1033 2045 1071 2127; x_wconf 92' lang='lat' dir='ltr'><strong>ei,</strong></span> <span class='ocrx_word' id='word_1_104' title='bbox 1095 2044 1122 2108; x_wconf 94' lang='lat' dir='ltr'><strong>si</strong></span> <span class='ocrx_word' id='word_1_105' title='bbox 1137 2061 1210 2109; x_wconf 90' lang='lat' dir='ltr'><strong>uere</strong></span> 
     </span>
    </p>

    <p class='ocr_par' dir='ltr' id='par_1_5' title="bbox 58 2146 1211 2433">
     <span class='ocr_line' id='line_1_16' title="bbox 58 2146 1211 2231; baseline 0.003 -24"><span class='ocrx_word' id='word_1_106' title='bbox 58 2148 198 2209; x_wconf 69' lang='lat' dir='ltr'><strong>santra</strong></span> <span class='ocrx_word' id='word_1_107' title='bbox 227 2146 417 2227; x_wconf 72' lang='lat' dir='ltr'><strong>aequitatem</strong></span> <span class='ocrx_word' id='word_1_108' title='bbox 446 2146 583 2225; x_wconf 89' lang='lat' dir='ltr'><strong>laborat,</strong></span> <span class='ocrx_word' id='word_1_109' title='bbox 610 2166 738 2214; x_wconf 88' lang='lat' dir='ltr'><strong>manum</strong></span> <span class='ocrx_word' id='word_1_110' title='bbox 762 2149 911 2213; x_wconf 89' lang='lat' dir='ltr'><strong>medicam</strong></span> <span class='ocrx_word' id='word_1_111' title='bbox 940 2146 1116 2230; x_wconf 80' lang='lat' dir='ltr'><strong>porrigatis,</strong></span> <span class='ocrx_word' id='word_1_112' title='bbox 1139 2149 1211 2231; x_wconf 91' lang='lat' dir='ltr'><strong>quia</strong></span> 
     </span>
     <span class='ocr_line' id='line_1_17' title="bbox 88 2248 1208 2334; baseline 0.003 -22"><span class='ocrx_word' id='word_1_113' title='bbox 88 2248 178 2313; x_wconf 85' lang='lat' dir='ltr'><strong>nefas</strong></span> <span class='ocrx_word' id='word_1_114' title='bbox 201 2252 259 2325; x_wconf 91' lang='lat' dir='ltr'><strong>eet,</strong></span> <span class='ocrx_word' id='word_1_115' title='bbox 293 2252 329 2313; x_wconf 92' lang='lat' dir='ltr'><strong>ut</strong></span> <span class='ocrx_word' id='word_1_116' title='bbox 357 2250 390 2313; x_wconf 93' lang='lat' dir='ltr'><strong>in</strong></span> <span class='ocrx_word' id='word_1_117' title='bbox 411 2250 598 2331; x_wconf 90' lang='lat' dir='ltr'><strong>praeiudicio</strong></span> <span class='ocrx_word' id='word_1_118' title='bbox 622 2252 719 2317; x_wconf 89' lang='lat' dir='ltr'><strong>bonae</strong></span> <span class='ocrx_word' id='word_1_119' title='bbox 742 2251 852 2317; x_wconf 68' lang='lat' dir='ltr'><strong>musae·</strong></span> <span class='ocrx_word' id='word_1_120' title='bbox 872 2254 1017 2334; x_wconf 87' lang='lat' dir='ltr'><strong>prodesse</strong></span> <span class='ocrx_word' id='word_1_121' title='bbox 1039 2250 1100 2315; x_wconf 84' lang='lat' dir='ltr'><strong>sibi</strong></span> <span class='ocrx_word' id='word_1_122' title='bbox 1122 2250 1208 2315; x_wconf 88' lang='lat' dir='ltr'><strong>calli·</strong></span> 
     </span>
     <span class='ocr_line' id='line_1_18' title="bbox 90 2350 564 2433; baseline -0.002 -18"><span class='ocrx_word' id='word_1_123' title='bbox 90 2350 172 2415; x_wconf 86' lang='lat' dir='ltr'><strong>ditas</strong></span> <span class='ocrx_word' id='word_1_124' title='bbox 194 2350 301 2416; x_wconf 90' lang='lat' dir='ltr'><strong>uideat</strong></span> <span class='ocrx_word' id='word_1_125' title='bbox 323 2354 403 2433; x_wconf 91' lang='lat' dir='ltr'><strong>quod</strong></span> <span class='ocrx_word' id='word_1_126' title='bbox 425 2351 564 2416; x_wconf 90' lang='lat' dir='ltr'><strong>molitur.</strong></span> 
     </span>
    </p>
   </div>
   <div class='ocr_carea' id='block_1_5' title="bbox 477 2536 828 2726">
    <p class='ocr_par' dir='ltr' id='par_1_6' title="bbox 477 2536 828 2726">
     <span class='ocr_line' id='line_1_19' title="bbox 585 2536 720 2601; baseline -0.007 0"><span class='ocrx_word' id='word_1_127' title='bbox 585 2536 720 2601; x_wconf 88' lang='lat' dir='ltr'>XXIIII.</span> 
     </span>
     <span class='ocr_line' id='line_1_20' title="bbox 477 2668 828 2726; baseline -0.006 -1"><span class='ocrx_word' id='word_1_128' title='bbox 477 2668 662 2725; x_wconf 81' lang='lat' dir='ltr'>ENNODIVS</span> <span class='ocrx_word' id='word_1_129' title='bbox 682 2670 828 2726; x_wconf 80' lang='lat' dir='ltr'><strong>FAVSTO.</strong></span> 
     </span>
    </p>
   </div>
   <div class='ocr_carea' id='block_1_6' title="bbox 59 2792 1213 3187">
    <p class='ocr_par' dir='ltr' id='par_1_7' title="bbox 59 2792 1213 3187">
     <span class='ocr_line' id='line_1_21' title="bbox 59 2792 1209 2877; baseline 0.009 -26"><span class='ocrx_word' id='word_1_130' title='bbox 59 2812 83 2851; x_wconf 77' lang='lat' dir='ltr'><strong>ro</strong></span> <span class='ocrx_word' id='word_1_131' title='bbox 134 2792 235 2859; x_wconf 89' lang='lat' dir='ltr'><strong>Vsum</strong></span> <span class='ocrx_word' id='word_1_132' title='bbox 256 2811 349 2858; x_wconf 91' lang='lat' dir='ltr'><strong>suum</strong></span> <span class='ocrx_word' id='word_1_133' title='bbox 366 2795 539 2877; x_wconf 82' lang='lat' dir='ltr'><strong>benignitas</strong></span> <span class='ocrx_word' id='word_1_134' title='bbox 554 2797 662 2861; x_wconf 89' lang='lat' dir='ltr'><strong>uestra</strong></span> <span class='ocrx_word' id='word_1_135' title='bbox 682 2812 777 2876; x_wconf 88' lang='lat' dir='ltr'><strong>supra</strong></span> <span class='ocrx_word' id='word_1_136' title='bbox 790 2792 931 2859; x_wconf 90' lang='lat' dir='ltr'><strong>homines</strong></span> <span class='ocrx_word' id='word_1_137' title='bbox 946 2793 1050 2859; x_wconf 87' lang='lat' dir='ltr'><strong>locata</strong></span> <span class='ocrx_word' id='word_1_138' title='bbox 1064 2796 1209 2861; x_wconf 85' lang='lat' dir='ltr'><strong>custodit.</strong></span> 
     </span>
     <span class='ocr_line' id='line_1_22' title="bbox 91 2892 1212 2963; baseline 0.002 -2"><span class='ocrx_word' id='word_1_139' title='bbox 91 2914 165 2961; x_wconf 92' lang='lat' dir='ltr'><strong>nere</strong></span> <span class='ocrx_word' id='word_1_140' title='bbox 180 2895 335 2961; x_wconf 83' lang='lat' dir='ltr'><strong>medicina</strong></span> <span class='ocrx_word' id='word_1_141' title='bbox 350 2900 398 2961; x_wconf 88' lang='lat' dir='ltr'><strong>est</strong></span> <span class='ocrx_word' id='word_1_142' title='bbox 414 2914 487 2961; x_wconf 88' lang='lat' dir='ltr'><strong>cura</strong></span> <span class='ocrx_word' id='word_1_143' title='bbox 501 2896 708 2963; x_wconf 88' lang='lat' dir='ltr'><strong>sanctissimi:</strong></span> <span class='ocrx_word' id='word_1_144' title='bbox 731 2915 805 2961; x_wconf 90' lang='lat' dir='ltr'><strong>nam</strong></span> <span class='ocrx_word' id='word_1_145' title='bbox 820 2895 1009 2961; x_wconf 85' lang='lat' dir='ltr'><strong>uenerabilis</strong></span> <span class='ocrx_word' id='word_1_146' title='bbox 1023 2892 1212 2963; x_wconf 84' lang='lat' dir='ltr'><strong>cumcientia</strong></span> 
     </span>
     <span class='ocr_line' id='line_1_23' title="bbox 92 2998 1213 3084; baseline 0.003 -21"><span class='ocrx_word' id='word_1_147' title='bbox 92 2999 149 3064; x_wconf 90' lang='lat' dir='ltr'><strong>deo</strong></span> <span class='ocrx_word' id='word_1_148' title='bbox 172 3016 294 3081; x_wconf 90' lang='lat' dir='ltr'><strong>semper</strong></span> <span class='ocrx_word' id='word_1_149' title='bbox 316 2999 457 3065; x_wconf 90' lang='lat' dir='ltr'><strong>insinuat</strong></span> <span class='ocrx_word' id='word_1_150' title='bbox 477 2998 559 3081; x_wconf 89' lang='lat' dir='ltr'><strong>quod</strong></span> <span class='ocrx_word' id='word_1_151' title='bbox 585 2999 724 3081; x_wconf 89' lang='lat' dir='ltr'><strong>requirit.</strong></span> <span class='ocrx_word' id='word_1_152' title='bbox 763 2999 910 3084; x_wconf 83' lang='lat' dir='ltr'><strong>digressis</strong></span> <span class='ocrx_word' id='word_1_153' title='bbox 931 2998 1020 3065; x_wconf 85' lang='lat' dir='ltr'><strong>uobis</strong></span> <span class='ocrx_word' id='word_1_154' title='bbox 1041 3000 1142 3065; x_wconf 87' lang='lat' dir='ltr'><strong>acrior</strong></span> <span class='ocrx_word' id='word_1_155' title='bbox 1161 3020 1213 3066; x_wconf 87' lang='lat' dir='ltr'><strong>nne</strong></span> 
     </span>
     <span class='ocr_line' id='line_1_24' title="bbox 92 3100 1213 3187; baseline 0.001 -19"><span class='ocrx_word' id='word_1_156' title='bbox 92 3103 178 3168; x_wconf 90' lang='lat' dir='ltr'><strong>calor</strong></span> <span class='ocrx_word' id='word_1_157' title='bbox 200 3102 318 3167; x_wconf 85' lang='lat' dir='ltr'><strong>exussit</strong></span> <span class='ocrx_word' id='word_1_158' title='bbox 340 3103 371 3167; x_wconf 90' lang='lat' dir='ltr'><strong>et</strong></span> <span class='ocrx_word' id='word_1_159' title='bbox 392 3102 431 3169; x_wconf 85' lang='lat' dir='ltr'><strong>ad</strong></span> <span class='ocrx_word' id='word_1_160' title='bbox 447 3120 571 3167; x_wconf 88' lang='lat' dir='ltr'><strong>omnem</strong></span> <span class='ocrx_word' id='word_1_161' title='bbox 587 3100 834 3187; x_wconf 90' lang='lat' dir='ltr'><strong>desperationem</strong></span> <span class='ocrx_word' id='word_1_162' title='bbox 848 3103 1076 3186; x_wconf 87' lang='lat' dir='ltr'><strong>praecipitante</strong></span> <span class='ocrx_word' id='word_1_163' title='bbox 1091 3102 1213 3171; x_wconf 85' lang='lat' dir='ltr'><strong>diabolo</strong></span> 
     </span>
    </p>
   </div>
   <div class='ocr_carea' id='block_1_7' title="bbox 90 3331 1213 3757">
    <p class='ocr_par' dir='ltr' id='par_1_8' title="bbox 90 3331 1145 3532">
     <span class='ocr_line' id='line_1_25' title="bbox 142 3331 1145 3443; baseline 0.004 -31"><span class='ocrx_word' id='word_1_164' title='bbox 142 3331 271 3414; x_wconf 63' lang='lat' dir='ltr'><strong>ic⁶alasti</strong></span> <span class='ocrx_word' id='word_1_165' title='bbox 289 3359 317 3414; x_wconf 83' lang='lat' dir='ltr'><strong><em>L</em></strong></span> <span class='ocrx_word' id='word_1_166' title='bbox 398 3358 514 3443; x_wconf 74' lang='lat' dir='ltr'><strong>curratis</strong></span> <span class='ocrx_word' id='word_1_167' title='bbox 531 3358 559 3412; x_wconf 91' lang='grc' dir='ltr'><strong><em>Β</em></strong></span> <span class='ocrx_word' id='word_1_168' title='bbox 644 3358 738 3413; x_wconf 72' lang='lat' dir='ltr'><strong>tmen</strong></span> <span class='ocrx_word' id='word_1_169' title='bbox 754 3375 805 3414; x_wconf 82' lang='lat' dir='ltr'><strong>ooa</strong></span> <span class='ocrx_word' id='word_1_170' title='bbox 827 3359 854 3413; x_wconf 76' lang='lat' dir='ltr'><em>P</em></span> <span class='ocrx_word' id='word_1_171' title='bbox 933 3375 976 3415; x_wconf 89' lang='lat' dir='ltr'><strong>mc</strong></span> <span class='ocrx_word' id='word_1_172' title='bbox 993 3376 1043 3415; x_wconf 85' lang='lat' dir='ltr'><strong>om.</strong></span> <span class='ocrx_word' id='word_1_173' title='bbox 1062 3360 1145 3417; x_wconf 74' lang='lat' dir='ltr'><strong>Sim.</strong></span> 
     </span>
     <span class='ocr_line' id='line_1_26' title="bbox 90 3462 350 3532; baseline 0.008 -17"><span class='ocrx_word' id='word_1_174' title='bbox 90 3462 248 3532; x_wconf 72' lang='lat' dir='ltr'><strong>iprosequi</strong></span> <span class='ocrx_word' id='word_1_175' title='bbox 265 3463 304 3517; x_wconf 91' lang='lat' dir='ltr'><strong>mi</strong></span> <span class='ocrx_word' id='word_1_176' title='bbox 321 3462 350 3517; x_wconf 97' lang='grc' dir='ltr'><strong><em>Β</em></strong></span> 
     </span>
    </p>

    <p class='ocr_par' dir='ltr' id='par_1_9' title="bbox 92 3553 1213 3757">
     <span class='ocr_line' id='line_1_27' title="bbox 142 3553 1213 3635; baseline 0.002 -16"><span class='ocrx_word' id='word_1_177' title='bbox 142 3562 248 3619; x_wconf 85' lang='lat' dir='ltr'>XXIII.</span> <span class='ocrx_word' id='word_1_178' title='bbox 284 3564 318 3617; x_wconf 94' lang='lat'><strong>10</strong></span> <span class='ocrx_word' id='word_1_179' title='bbox 334 3564 514 3620; x_wconf 86' lang='lat' dir='ltr'><strong>heleutherius</strong></span> <span class='ocrx_word' id='word_1_180' title='bbox 531 3566 559 3621; x_wconf 94' lang='grc' dir='ltr'><strong><em>Β</em></strong></span> <span class='ocrx_word' id='word_1_181' title='bbox 657 3566 683 3635; x_wconf 89' lang='lat' dir='ltr'><strong>a]</strong></span> <span class='ocrx_word' id='word_1_182' title='bbox 701 3564 735 3620; x_wconf 88' lang='lat' dir='ltr'><strong>ad</strong></span> <span class='ocrx_word' id='word_1_183' title='bbox 754 3565 782 3620; x_wconf 95' lang='grc' dir='ltr'><strong><em>Β</em></strong></span> <span class='ocrx_word' id='word_1_184' title='bbox 882 3553 934 3621; x_wconf 71' lang='lat' dir='ltr'><strong>dio</strong></span> <span class='ocrx_word' id='word_1_185' title='bbox 953 3566 979 3620; x_wconf 80' lang='lat' dir='ltr'><em>T</em></span> <span class='ocrx_word' id='word_1_186' title='bbox 1080 3568 1213 3621; x_wconf 82' lang='lat' dir='ltr'><strong>11auaci·</strong></span> 
     </span>
     <span class='ocr_line' id='line_1_28' title="bbox 92 3651 1212 3757; baseline 0.004 -20"><span class='ocrx_word' id='word_1_187' title='bbox 92 3687 169 3753; x_wconf 89' lang='lat' dir='ltr'><strong>perat</strong></span> <span class='ocrx_word' id='word_1_188' title='bbox 196 3684 222 3737; x_wconf 91' lang='lat' dir='ltr'><em>B</em></span> <span class='ocrx_word' id='word_1_189' title='bbox 325 3685 358 3738; x_wconf 92' lang='grc'><strong>12</strong></span> <span class='ocrx_word' id='word_1_190' title='bbox 385 3684 618 3739; x_wconf 82' lang='lat' dir='ltr'><strong>commendatitias</strong></span> <span class='ocrx_word' id='word_1_191' title='bbox 646 3684 686 3749; x_wconf 88' lang='lat' dir='ltr'><strong>B,</strong></span> <span class='ocrx_word' id='word_1_192' title='bbox 719 3651 929 3740; x_wconf 45' lang='lat' dir='ltr'><strong>commendatiis</strong></span> <span class='ocrx_word' id='word_1_193' title='bbox 955 3684 983 3739; x_wconf 65' lang='grc' dir='ltr'><strong>Ι,</strong></span> <span class='ocrx_word' id='word_1_194' title='bbox 1086 3686 1212 3757; x_wconf 89' lang='lat' dir='ltr'><strong>sperauit]</strong></span> 
     </span>
    </p>
   </div>
   <div class='ocr_carea' id='block_1_8' title="bbox 91 3778 1146 3962">
    <p class='ocr_par' dir='ltr' id='par_1_10' title="bbox 91 3778 1146 3962">
     <span class='ocr_line' id='line_1_29' title="bbox 91 3778 1146 3876; baseline 0.005 -19"><span class='ocrx_word' id='word_1_195' title='bbox 91 3804 253 3875; x_wconf 87' lang='lat' dir='ltr'><strong>impetrauit</strong></span> <span class='ocrx_word' id='word_1_196' title='bbox 270 3805 316 3859; x_wconf 84' lang='lat' dir='ltr'><strong>Po</strong></span> <span class='ocrx_word' id='word_1_197' title='bbox 403 3806 436 3861; x_wconf 85' lang='lat'><strong>13</strong></span> <span class='ocrx_word' id='word_1_198' title='bbox 454 3808 605 3876; x_wconf 70' lang='lat' dir='ltr'><strong>subpeteret</strong></span> <span class='ocrx_word' id='word_1_199' title='bbox 623 3806 651 3861; x_wconf 92' lang='grc' dir='ltr'><strong><em>Β</em></strong></span> <span class='ocrx_word' id='word_1_200' title='bbox 736 3806 875 3862; x_wconf 89' lang='lat' dir='ltr'><strong>iuberetur</strong></span> <span class='ocrx_word' id='word_1_201' title='bbox 891 3806 919 3861; x_wconf 96' lang='grc' dir='ltr'><strong><em>Β</em></strong></span> <span class='ocrx_word' id='word_1_202' title='bbox 1009 3806 1042 3860; x_wconf 82' lang='grc'><strong>14</strong></span> <span class='ocrx_word' id='word_1_203' title='bbox 1059 3778 1106 3862; x_wconf 45' lang='lat' dir='ltr'><strong>ue„</strong></span> <span class='ocrx_word' id='word_1_204' title='bbox 1119 3807 1146 3862; x_wconf 75' lang='lat'><strong>12</strong></span> 
     </span>
     <span class='ocr_line' id='line_1_30' title="bbox 93 3891 1010 3962; baseline 0.005 -18"><span class='ocrx_word' id='word_1_205' title='bbox 93 3892 124 3944; x_wconf 88' lang='lat'><strong>15</strong></span> <span class='ocrx_word' id='word_1_206' title='bbox 143 3892 293 3960; x_wconf 70' lang='lat' dir='ltr'><strong>porrigatur</strong></span> <span class='ocrx_word' id='word_1_207' title='bbox 310 3891 339 3947; x_wconf 91' lang='lat' dir='ltr'><strong><em>B</em></strong></span> <span class='ocrx_word' id='word_1_208' title='bbox 442 3893 475 3948; x_wconf 90' lang='grc'><strong>16</strong></span> <span class='ocrx_word' id='word_1_209' title='bbox 493 3892 653 3962; x_wconf 88' lang='lat' dir='ltr'><strong>praeinditio</strong></span> <span class='ocrx_word' id='word_1_210' title='bbox 670 3892 698 3948; x_wconf 93' lang='grc' dir='ltr'><strong><em>Β</em></strong></span> <span class='ocrx_word' id='word_1_211' title='bbox 799 3892 831 3947; x_wconf 79' lang='grc'><strong>17</strong></span> <span class='ocrx_word' id='word_1_212' title='bbox 850 3893 966 3948; x_wconf 83' lang='lat' dir='ltr'><strong>mulitur</strong></span> <span class='ocrx_word' id='word_1_213' title='bbox 982 3894 1010 3949; x_wconf 95' lang='grc' dir='ltr'><strong><em>Β</em></strong></span> 
     </span>
    </p>
   </div>
   <div class='ocr_carea' id='block_1_9' title="bbox 91 3992 1213 4167">
    <p class='ocr_par' dir='ltr' id='par_1_11' title="bbox 91 3992 1213 4167">
     <span class='ocr_line' id='line_1_31' title="bbox 142 3992 1146 4052; baseline 0.006 -6"><span class='ocrx_word' id='word_1_214' title='bbox 142 3992 259 4047; x_wconf 85' lang='lat' dir='ltr'><strong>XXIIlI.</strong></span> <span class='ocrx_word' id='word_1_215' title='bbox 297 3994 330 4047; x_wconf 80' lang='lat'><strong>19</strong></span> <span class='ocrx_word' id='word_1_216' title='bbox 356 3994 446 4049; x_wconf 81' lang='lat' dir='ltr'><strong>lanato</strong></span> <span class='ocrx_word' id='word_1_217' title='bbox 473 4012 507 4051; x_wconf 84' lang='lat' dir='ltr'><strong>coc</strong></span> <span class='ocrx_word' id='word_1_218' title='bbox 533 3996 598 4051; x_wconf 87' lang='lat' dir='ltr'><strong>floro</strong></span> <span class='ocrx_word' id='word_1_219' title='bbox 628 3995 743 4052; x_wconf 72' lang='lat' dir='ltr'><strong>Voti</strong></span> <span class='ocrx_word' id='word_1_220' title='bbox 853 3995 885 4049; x_wconf 91' lang='grc'><strong>21</strong></span> <span class='ocrx_word' id='word_1_221' title='bbox 915 3995 1092 4051; x_wconf 73' lang='lat' dir='ltr'><strong>acanctissmi</strong></span> <span class='ocrx_word' id='word_1_222' title='bbox 1118 3997 1146 4052; x_wconf 93' lang='grc' dir='ltr'><strong><em>Β</em></strong></span> 
     </span>
     <span class='ocr_line' id='line_1_32' title="bbox 91 4077 1213 4167; baseline 0.005 -36"><span class='ocrx_word' id='word_1_223' title='bbox 91 4078 125 4131; x_wconf 90' lang='grc'><strong>22</strong></span> <span class='ocrx_word' id='word_1_224' title='bbox 142 4077 262 4147; x_wconf 88' lang='lat' dir='ltr'><strong>requiret</strong></span> <span class='ocrx_word' id='word_1_225' title='bbox 278 4079 306 4134; x_wconf 93' lang='grc' dir='ltr'><strong><em>Β</em></strong></span> <span class='ocrx_word' id='word_1_226' title='bbox 409 4081 443 4135; x_wconf 82' lang='grc'><strong>23</strong></span> <span class='ocrx_word' id='word_1_227' title='bbox 467 4081 550 4167; x_wconf 77' lang='lat' dir='ltr'><strong>callot</strong></span> <span class='ocrx_word' id='word_1_228' title='bbox 567 4082 595 4136; x_wconf 90' lang='grc' dir='ltr'><strong><em>Β</em></strong></span> <span class='ocrx_word' id='word_1_229' title='bbox 698 4080 810 4151; x_wconf 73' lang='lat' dir='ltr'><strong>exussit!</strong></span> <span class='ocrx_word' id='word_1_230' title='bbox 831 4082 912 4149; x_wconf 86' lang='lat' dir='ltr'><strong>(ussit</strong></span> <span class='ocrx_word' id='word_1_231' title='bbox 928 4081 962 4134; x_wconf 76' lang='lat' dir='ltr'><strong>ia</strong></span> <span class='ocrx_word' id='word_1_232' title='bbox 978 4084 1045 4147; x_wconf 83' lang='lat' dir='ltr'><strong>roe.)</strong></span> <span class='ocrx_word' id='word_1_233' title='bbox 1063 4082 1092 4136; x_wconf 90' lang='grc' dir='ltr'><strong><em>Β</em></strong></span> <span class='ocrx_word' id='word_1_234' title='bbox 1185 4086 1213 4137; x_wconf 87' lang='lat' dir='ltr'><strong>et</strong></span> 
     </span>
    </p>
   </div>
   <div class='ocr_carea' id='block_1_10' title="bbox 92 4182 1213 4355">
    <p class='ocr_par' dir='ltr' id='par_1_12' title="bbox 92 4182 1213 4355">
     <span class='ocr_line' id='line_1_33' title="bbox 92 4182 1213 4267; baseline 0.003 -31"><span class='ocrx_word' id='word_1_235' title='bbox 92 4196 142 4237; x_wconf 80' lang='lat' dir='ltr'><strong>oss.</strong></span> <span class='ocrx_word' id='word_1_236' title='bbox 165 4182 193 4236; x_wconf 89' lang='grc' dir='ltr'><strong><em>Β</em></strong></span> <span class='ocrx_word' id='word_1_237' title='bbox 295 4182 418 4267; x_wconf 69' lang='lat' dir='ltr'><strong>lromnam</strong></span> <span class='ocrx_word' id='word_1_238' title='bbox 440 4184 469 4238; x_wconf 92' lang='grc' dir='ltr'><strong><em>Β</em></strong></span> <span class='ocrx_word' id='word_1_239' title='bbox 577 4184 784 4253; x_wconf 83' lang='lat' dir='ltr'><strong>disperationem</strong></span> <span class='ocrx_word' id='word_1_240' title='bbox 806 4183 834 4238; x_wconf 92' lang='grc' dir='ltr'><strong><em>Β</em></strong></span> <span class='ocrx_word' id='word_1_241' title='bbox 941 4184 1131 4253; x_wconf 84' lang='lat' dir='ltr'><strong>praecipitanti</strong></span> <span class='ocrx_word' id='word_1_242' title='bbox 1154 4185 1213 4253; x_wconf 81' lang='lat' dir='ltr'><strong>(alt.</strong></span> 
     </span>
     <span class='ocr_line' id='line_1_34' title="bbox 93 4282 535 4355; baseline 0.005 -19"><span class='ocrx_word' id='word_1_243' title='bbox 93 4282 151 4339; x_wconf 78' lang='lat' dir='ltr'><strong>iia</strong></span> <span class='ocrx_word' id='word_1_244' title='bbox 167 4286 233 4355; x_wconf 84' lang='lat' dir='ltr'><strong>raa.)</strong></span> <span class='ocrx_word' id='word_1_245' title='bbox 251 4284 279 4338; x_wconf 90' lang='grc' dir='ltr'><strong><em>Β</em></strong></span> <span class='ocrx_word' id='word_1_246' title='bbox 381 4283 490 4339; x_wconf 90' lang='lat' dir='ltr'><strong>diabulo</strong></span> <span class='ocrx_word' id='word_1_247' title='bbox 508 4285 535 4338; x_wconf 91' lang='grc' dir='ltr'><strong><em>Β</em></strong></span> 
     </span>
    </p>
   </div>
   <div class='ocr_carea' id='block_1_11' title="bbox 0 0 1506 4967">
    <p class='ocr_par' dir='ltr' id='par_1_13' title="bbox 0 0 1506 4967">
     <span class='ocr_line' id='line_1_35' title="bbox 0 0 1506 4967; baseline 0 0"><span class='ocrx_word' id='word_1_248' title='bbox 0 0 1506 4967; x_wconf 95' lang='lat' dir='ltr'><strong> </strong></span> 
     </span>
    </p>
   </div>
  </div>
 </body>
</html>
