2992 4967
449 315 680 384 Epistularum
697 313 786 369 liber
803 314 866 371 vn.
1158 316 1219 382 175

94 507 198 571 totum
224 504 385 570 uobiscum
412 505 517 568 lumen
546 505 703 569 amitteret
731 522 788 569 nec
810 502 894 570 diem
920 524 1026 571 meum
1047 508 1103 571 snb
1125 504 1216 570 amici

93 608 271 691 praesentia
293 608 403 673 clausis
426 607 551 671 orbibus
573 608 718 673 intuerer.
755 608 831 673 haec
858 608 886 671 si
913 627 968 690 per
989 607 1218 691 neglegentiam

94 710 308 794 contigerunt,
342 709 551 775 aestimationi
584 708 765 791 relinquetis
798 728 891 792 qnam
924 711 1003 793 apud
1031 728 1088 775 nos
1116 709 1218 775 locum

94 813 270 879 obtineam:
306 813 431 878 ferenda
464 814 538 877 sont
560 812 717 891 acerbius,
752 812 779 876 si
811 812 1035 896 intelleguntur
1058 814 1219 877 necessisse

71 934 149 997 sper
171 916 321 981 studium.
347 933 427 981 nunc
450 916 530 997 nale,
552 915 598 979 mi
621 914 755 997 dominc,
778 914 811 979 et
832 916 973 981 animum
995 934 1100 981 meum
1124 933 1218 998 quem

92 1017 127 1082 in
161 1018 295 1082 statione
329 1018 495 1084 consistere
531 1018 643 1083 suadet
679 1020 854 1086 innocentia
891 1018 976 1101 origo
1014 1020 1217 1102 propositum,

82 1120 133 1185 ad
166 1120 317 1202 potiorem
349 1122 468 1205 gratiae
501 1122 636 1203 partem,
671 1122 743 1203 qnia
776 1120 864 1187 uobis
897 1120 1075 1187 sinceritate
1105 1120 1217 1203 patuit,

93 1224 261 1291 inuitato.-

637 1426 673 1493 V.

59 1594 84 1633 1o
469 1580 652 1637 ENNODIVS
680 1577 841 1635 sariram.

137 1708 291 1795 Quamuis
319 1710 351 1773 te
381 1706 543 1772 dominum
575 1724 679 1771 meum
711 1723 765 1787 per
797 1702 1000 1769 intemeratae
1033 1704 1217 1768 documenta

92 1810 168 1875 fidei
190 1809 370 1893 principalis
398 1808 460 1875 sibi
488 1826 561 1875 cura
584 1808 748 1892 coniungat
775 1808 806 1872 et
834 1825 958 1873 morum
986 1806 1138 1873 claritudo
1172 1808 1218 1874 ita

93 1914 227 1997 publicis
250 1912 342 1978 rebus
364 1913 512 1991 misceat,
547 1913 582 1977 nt
604 1910 748 1977 amabilis
773 1931 791 1977 a
813 1912 845 1977 te
867 1928 1007 1993 saporem
1029 1908 1142 1992 quietis
1165 1929 1216 1974 er-

93 2016 218 2094 oludat‚
247 2035 309 2081 non
338 2019 425 2083 oredo
448 2016 553 2081 tamn
575 2016 622 2081 ita
643 2014 825 2098 religionem
847 2012 1005 2079 amicitiae
1025 2012 1216 2097 posthaberi,

61 2124 213 2185 autnon
241 2118 431 2184 satisfaciens
456 2116 515 2182 'deo
546 2117 718 2183 adiuuante
746 2113 909 2199 regnantis
943 2114 1080 2197 imperiis
1110 2114 1218 2181 debita

92 2240 151 2287 sua
172 2221 317 2287 refundas
340 2220 474 2287 affectui.
504 2220 603 2285 nostis
627 2219 702 2302 quid
722 2222 832 2301 poseat
853 2217 941 2297 aula,
964 2218 1038 2301 qnid
1059 2219 1162 2303 gratia
1185 2223 1217 2283 et

92 2343 154 2389 uno
178 2324 344 2406 eodemque
366 2324 504 2407 tempore
532 2340 587 2387 nec
612 2340 715 2387 rerum
738 2321 851 2387 deestis
874 2319 999 2386 domino
1028 2340 1084 2386 nec
1107 2323 1216 2401 amori,

93 2427 215 2508 qnando
239 2424 433 2491 Christianae
467 2425 580 2489 mentis
613 2424 779 2506 integritas
812 2440 867 2506 per
895 2423 950 2488 has
977 2426 1082 2505 parim
1117 2424 1218 2492 diuise

92 2530 253 2596 solidatur.
281 2527 329 2593 his
352 2546 423 2613 ergo
446 2527 690 2593 sollicitudinem
713 2545 815 2591 meam
837 2525 927 2591 credo
950 2527 1089 2606 releuari‚
1105 2528 1217 2612 quibus

60 2631 281 2696 eouenerabilis
311 2628 498 2695 consuetudo
527 2632 667 2694 seruatur
690 2628 814 2693 studiis.
854 2628 980 2694 tantum
1009 2632 1069 2713 est,
1101 2636 1138 2695 ot
1167 2631 1218 2697 dei

93 2735 189 2801 nostri
213 2734 336 2801 solaciis
357 2734 538 2817 magnitudo
560 2734 665 2797 uestra
687 2731 795 2796 adiuta
815 2731 1000 2814 gratulatur.
1022 2732 1146 2799 domine
1161 2734 1216 2813 mi,

93 2836 292 2903 salutationis
315 2837 459 2919 obsequia
473 2840 673 2921 praesentans
697 2853 795 2916 spero,
818 2836 854 2900 ut
869 2836 907 2900 de
928 2838 1034 2899 uestro
1049 2836 1101 2900 uel
1124 2834 1217 2902 amici

94 2941 190 3005 nestri
219 2941 325 3005 domni
347 2940 457 3005 Fausti
480 2941 564 3005 statu
587 2938 721 3005 hilarem
742 2957 793 3004 me
816 2938 883 3004 fieri
907 2935 1012 3003 uotiuo
1035 2936 1215 3004 litterarum

96 3042 254 3127 contingat
276 3042 399 3109 indicio.

145 3330 274 3385 telensis
287 3333 313 3399 (a
326 3332 406 3394 erce.)
419 3330 446 3385 L
545 3330 739 3400 negligentiam
757 3330 813 3386 BT
909 3330 926 3384 4
944 3332 1092 3386 obstineam
1110 3331 1148 3385 Βι

94 3426 286 3495 intelliguntur
304 3425 388 3480 ΒΤῑ1
479 3426 630 3496 accessisse]
648 3424 773 3479 accidisse
786 3424 869 3480 Siros
969 3426 985 3479 5
997 3426 1117 3481 animum
1128 3442 1216 3481 meum

94 3522 208 3589 octiosi,
235 3520 325 3574 animo
349 3534 407 3574 mac
430 3518 561 3576 atrro
664 3522 681 3575 6
707 3520 798 3575 suadit
824 3521 853 3574 Β
954 3520 1120 3575 innocentiae
1144 3523 1215 3577 coni.

95 3614 220 3670 Setottaea
322 3614 496 3685 propositum]
518 3615 635 3685 positum
652 3615 702 3669 Bb
799 3615 823 3669 ’1
846 3615 881 3670 ad
898 3630 948 3669 cor.
967 3613 1049 3669 Sisara
1152 3616 1217 3684 quia

95 3707 202 3775 ΒΜ,
232 3724 284 3777 qna
304 3708 371 3765 Tot
390 3708 471 3765 Sim.
575 3710 592 3764 8
609 3709 721 3765 incitato
738 3710 766 3763 L

117 3826 120 3831 '
145 3826 178 3885 V.
214 3830 244 3883 11
268 3826 437 3886 intimaratae
459 3830 487 3885 Β
592 3830 625 3885 12
646 3828 777 3884 claritudo
795 3830 820 3898 (r
839 3831 872 3883 a'ss
888 3830 956 3898 ros.)
979 3826 1007 3882 Β
1110 3828 1144 3883 13
1165 3829 1216 3884 mi-

95 3936 180 3998 coscat
199 3932 226 3987 L
328 3934 362 3987 14
379 3934 514 4004 postaueri
532 3934 561 3988 Β
664 3932 697 3988 16
714 3934 806 3987 nostes
824 3932 852 3987 Β
949 3935 978 3986 et
994 3948 1045 3988 om.
1065 3932 1147 3988 Sim

96 4026 129 4081 10
147 4026 463 4097 cernatur-magnitudo
481 4044 531 4085 om.
544 4027 571 4082 Β
589 4026 655 4082 odd.
666 4043 688 4082 a.
699 4028 717 4081 1.
729 4040 800 4082 corr.
898 4025 931 4081 21
949 4026 1054 4081 solatiis
1071 4026 1153 4083 m

97 4162 122 4200 m
141 4148 172 4214 T,
198 4134 385 4201 militiave
488 4146 523 4202 22
539 4150 676 4219 praestans
694 4146 761 4202 ΒΥ*
862 4160 938 4216 spero
956 4147 981 4201 Τ
996 4146 1135 4214 simi,
1159 4165 1216 4219 spo-

96 4258 157 4297 rans
176 4241 254 4310 ΙΝ,
279 4244 387 4312 sperant
403 4241 442 4296 L¹
545 4242 579 4298 23
599 4243 700 4299 domini
721 4244 765 4299 To
