2992 4967
450 342 684 412 Epistularum
702 342 793 397 liber
810 342 871 399 un.

580 530 743 597 XXVIIII.

497 664 680 723 ENNODIVS
699 664 821 723 ΒΒΔΤΟ.

141 788 213 855 Non
236 807 293 873 ego
316 789 481 872 epistolem
503 808 604 855 meam
634 789 720 855 Intra
740 788 851 855 breues
879 790 1029 857 terminos
1052 790 1220 877 Spartanae

96 910 218 960 memor
241 892 487 959 oonoinnationis
509 892 632 959 inolndo
655 912 712 959 neo
734 892 867 959 formam
887 893 975 959 tuem
997 894 1101 961 studio
1122 898 1220 965 ooaoti

74 994 249 1061 asermonis
272 996 405 1063 inridso:
428 994 516 1063 abest
537 1013 558 1061 a
576 1014 628 1061 me
650 996 733 1079 loqui
754 1012 852 1079 paam
869 1013 946 1061 oum
959 997 1102 1065 modieis.
1125 1000 1219 1067 urba·

96 1116 209 1165 norum
231 1100 279 1165 est
299 1098 420 1184 exiguis
440 1099 593 1183 prodnota
614 1098 795 1165 subtraham
817 1102 851 1163 at
871 1101 937 1165 sine
957 1099 1066 1183 abque
1086 1106 1218 1169 noessel-

95 1204 163 1265 tate
185 1202 322 1287 paginae,
346 1202 452 1283 quales
473 1202 573 1284 poenit
594 1202 757 1269 hommum
776 1218 934 1279 mamare,
957 1201 1099 1269 lormure.
1136 1207 1218 1288 quod

95 1304 130 1369 in
152 1323 202 1369 me
225 1304 262 1369 da
276 1304 336 1383 his,
359 1322 438 1387 qnae
459 1306 619 1389 praelatus
641 1322 720 1384 mm,
744 1304 860 1372 subtile
873 1307 1043 1389 patereris,
1058 1306 1218 1375 festinatio

94 1424 156 1472 non
181 1425 302 1492 semper
324 1408 426 1473 amisa
447 1408 526 1473 erile
550 1412 581 1473 et
603 1426 693 1475 casus
716 1406 866 1474 exhibuit.
889 1426 1039 1493 magnum
1060 1410 1138 1477 mibi
1159 1415 1217 1489 eet,

59 1527 86 1567 1⁰
93 1512 122 1575 si
145 1511 297 1577 dederunt
319 1510 451 1576 fomuite
470 1512 550 1595 quod
571 1511 704 1578 miraris.
727 1528 802 1595 ergo
823 1526 948 1577 oaomm
971 1514 1146 1595 seriptionis
1167 1516 1217 1580 in·

93 1613 194 1694 sinuo,
218 1634 310 1699 quem
333 1614 393 1681 tibi
415 1616 557 1696 praelata
572 1615 760 1681 salutatione
774 1614 961 1681 oommendo.
985 1614 1124 1698 digresso
1139 1618 1218 1682 mihi

93 1716 171 1783 nube
194 1719 302 1800 proaul
324 1721 456 1784 domnae
479 1736 565 1784 meae
586 1716 740 1801 Cynegiae
761 1716 898 1783 ooourrIt
919 1719 1098 1797 admonitio,
1122 1740 1216 1803 quare

92 1821 269 1905 sepulerum
293 1824 359 1887 eiua
375 1840 436 1887 non
460 1822 658 1887 honorassem
673 1820 765 1886 lande
781 1820 868 1886 duoti
889 1822 922 1885 in
939 1840 1064 1887 aermon
1086 1823 1216 1906 eloquii:

92 1925 176 2007 quod
205 1924 347 2006 quamuis
375 1923 548 1989 reuerentia
575 1924 635 1989 uiri
661 1924 759 2007 ipsius
789 1922 938 2001 lacerem,
966 1926 1109 2007 tmotaui,
1142 1926 1216 2009 quia

56 2040 82 2081 1⁵
91 2027 174 2109 qnod
202 2028 305 2093 radiat
331 2029 400 2093 luoe
433 2029 613 2092 maritorum
641 2026 706 2093 stili
736 2028 879 2092 ubertate
907 2027 1129 2092 eelebrendum
1157 2034 1213 2095 est.

90 2148 166 2195 nam
182 2148 238 2195 neo
256 2130 330 2195 dens
353 2130 491 2195 officium
506 2130 625 2213 respuit
645 2127 784 2212 imperiti
806 2133 837 2193 ot
858 2132 1024 2196 oontenbne
1047 2132 1112 2213 ipse
1135 2134 1215 2214 quod

90 2233 206 2299 tribuit
228 2249 248 2300 a
269 2231 490 2298 anstioanlibue
518 2232 683 2297 uerborum
706 2231 884 2297 diademata
909 2250 971 2299 non
992 2232 1132 2316 requirit.
1165 2233 1214 2299 bie

91 2352 162 2415 ergo
186 2335 327 2401 uersibus
349 2334 547 2401 seribendum
576 2334 767 2416 epitaphium
797 2334 962 2401 destineni.
999 2334 1036 2400 da
1058 2353 1117 2417 qno
1139 2338 1213 2418 qnid

89 2438 255 2519 sentiatur,
282 2437 328 2503 sio
349 2438 438 2521 pater
461 2441 535 2503 tuns
557 2436 647 2501 uiuat
666 2438 702 2500 et
722 2437 821 2503 Roma
842 2440 891 2519 to,
920 2439 1072 2520 quantum
1095 2439 1136 2504 ed
1157 2440 1216 2505 illa

54 2552 169 2624 ”qnae
191 2540 226 2606 in
247 2543 317 2624 ipae
339 2542 614 2625 reprehenduntur,
638 2557 697 2604 non
721 2558 812 2605 sunm
835 2539 941 2619 faeiat
972 2544 1010 2604 ut
1030 2540 1217 2623 slmplioitor

88 2648 121 2710 et
143 2662 219 2727 pure
241 2644 372 2727 indioes,
405 2664 461 2711 neo
488 2644 613 2709 auribus
642 2642 718 2709 meis
750 2647 804 2707 ont
832 2644 934 2709 sensui
962 2644 1033 2710 iuoo
1062 2648 1214 2712 mentitae

87 2748 209 2831 getiae
231 2747 412 2812 blandiaris.
442 2766 501 2812 non
533 2748 704 2823 erubeeoas,
727 2746 820 2812 etiam
851 2746 1018 2829 aliquibus,
1047 2750 1213 2832 praecipue

87 2854 195 2916 tamen
218 2852 251 2915 eb
271 2850 385 2915 merito
414 2850 545 2915 domnae
574 2849 729 2916 Barbarae
752 2848 900 2933 peginam
920 2867 1024 2915 meam
1045 2870 1210 2932 recensere,

88 2954 163 3036 quia
199 2956 306 3019 tsoum
342 2953 469 3019 looatnr.
526 2957 598 3035 opto
634 2954 739 3019 teman
770 2955 807 3018 nt
838 2954 961 3019 tentum
995 2954 1111 3021 tabella
1142 2974 1212 3021 mea

53 3059 240 3139 ”quantum
269 3074 339 3139 spes
361 3059 417 3122 tua
439 3058 558 3139 sapiat,
593 3074 669 3139 queo
697 3057 730 3120 in
759 3073 835 3123 oeno
856 3058 931 3124 flora
960 3061 993 3122 et
1013 3073 1082 3125 mee
1104 3060 1136 3123 et
1156 3078 1211 3141 pe-

86 3160 213 3225 nantum
250 3178 392 3237 suorum,
438 3159 579 3242 quamuis
617 3160 680 3225 elnt
716 3179 825 3239 auare,
864 3165 938 3226 uota
973 3161 1210 3244 transgreditur.

87 3263 238 3328 domnum
269 3261 440 3345 Cethegum
474 3266 504 3329 et
527 3263 673 3329 domnam
700 3263 866 3329 Blesillam
892 3280 1030 3328 sororem
1059 3265 1125 3330 eine
1156 3283 1211 3346 pro

87 3385 137 3431 me
158 3365 272 3433 saluta.
296 3365 443 3445 Fidelem,
468 3365 661 3444 Marcellum,
691 3363 869 3449 Georgium,
899 3365 1061 3447 Solebam,
1084 3364 1211 3447 Simpli-

107 3602 111 3613 ·
138 3584 283 3641 xxvnn.
320 3586 492 3641 deubtraere
510 3586 548 3640 Βί
639 3586 724 3654 8qna
741 3584 769 3638 Β
855 3586 975 3654 prelatus
992 3586 1032 3639 B¹
1123 3587 1209 3639 darl-

84 3670 146 3725 buit
170 3672 197 3725 Β
301 3670 335 3727 12
357 3672 451 3728 domne
473 3674 519 3740 13¹,
548 3670 668 3729 dominae
691 3672 718 3725 Β
740 3676 771 3737 (a.
790 3674 809 3727 l.
827 3688 862 3725 m.
880 3672 984 3740 rao.)h
1087 3670 1210 3741 cynigiae

85 3758 112 3811 Β
132 3757 173 3826 (gi
191 3772 211 3812 e.
230 3756 259 3825 1.)
281 3757 297 3811 b
400 3759 433 3814 13
450 3760 620 3829 sepulchrum
638 3759 665 3813 Β
770 3758 804 3811 14
825 3756 935 3811 feceram
957 3756 984 3810 Β
1086 3756 1119 3811 lh
1142 3772 1162 3827 g
1183 3757 1210 3810 Β

84 3860 105 3897 a.
124 3844 141 3897 l.
263 3843 321 3897 luee
348 3849 446 3914 (supro
462 3862 476 3899 e
493 3847 558 3913 raa.)
586 3845 614 3898 Β
732 3842 934 3897 caelebrandam
962 3841 990 3894 Β
1111 3841 1143 3895 17
1169 3858 1210 3895 re-

85 3930 176 3997 quirat
194 3927 222 3983 Β
317 3930 349 3985 18
367 3930 504 3999 epitafium
522 3930 549 3984 Β
644 3929 775 3983 distinaui
793 3928 821 3982 B
913 3926 949 3981 20
965 3926 1210 3995 repraehendnnbur

86 4014 112 4068 Β
203 4016 237 4070 22
254 4014 403 4070 blandiares
422 4016 449 4070 Β
534 4016 615 4070 aliam
633 4014 667 4080 Β,
694 4018 721 4069 ab
740 4013 857 4068 eumn
942 4013 1097 4082 praecipuae
1114 4014 1142 4068 Β

86 4100 119 4153 23
130 4103 231 4171 boman]
251 4100 371 4155 domInaa
385 4100 451 4155 odoi.
464 4101 526 4165 Bb,
544 4101 634 4155 dakua'
730 4098 843 4153 barbare
855 4097 883 4151 Β
978 4097 1014 4152 26
1029 4102 1058 4151 et
1069 4102 1136 4153 uota
1147 4100 1211 4163 Bo,-

87 4188 114 4239 at
131 4186 222 4241 deleue'
324 4187 357 4240 27
382 4186 555 4241 dominumb
656 4187 802 4255 oytbagnm
820 4184 868 4239 Bb
971 4182 1139 4239 dominamb

86 4270 233 4326 blaesillam
251 4271 300 4327 Bb
403 4273 436 4327 28
454 4270 561 4326 fidelem
579 4272 731 4327 Marcellum
749 4273 765 4326 b

1052 4371 1106 4425 13*
