2992 4967
400 343 514 415 Opuee.
533 342 580 398 Vl.
598 340 776 397 Ambrosio
793 343 827 396 et
845 341 958 397 Bouto.
1174 342 1241 411 m

161 536 230 602 Hoc
252 552 308 601 uos
338 533 546 618 digredientes
574 533 639 599 iem
667 532 815 598 instituto
841 531 1004 599 rhetoricis
1024 534 1113 600 lituis
1135 536 1242 601 euomt

113 638 242 707 Meuore
274 639 468 723 eloquentiae
508 643 541 703 st
576 636 666 721 quusi
702 638 833 703 lonicum
865 637 982 716 hemis,
1019 637 1066 703 itu
1097 639 1243 720 conponit

114 744 214 809 uariis
229 748 260 809 et
276 744 397 809 coneris
413 760 578 812 sensurum
601 741 799 809 mminontn
817 741 991 831 particulis.
1025 758 1100 807 nem
1122 743 1243 808 nodosis

113 846 266 912 cretionis
300 844 431 912 ortubus
463 845 496 910 iu
529 844 662 911 solidum
691 847 725 911 ct
753 844 930 927 simplicem
962 844 1097 911 formum
1129 843 1242 914 conctis

88 966 212 1015 sunem
235 967 411 1015 sermonum
433 949 538 1033 pingit
554 946 699 1032 effigiem,
722 947 756 1013 in
770 966 832 1031 quo
845 950 893 1014 ite
907 948 1067 1031 quadratis
1083 949 1257 1020 socientur¹

114 1052 241 1118 diuersa
272 1051 442 1129 mensuris,
474 1054 512 1117 ut
539 1068 595 1120 nec
628 1051 743 1117 diuisio
777 1051 907 1135 deroget
938 1050 1149 1117 coniunctioni
1182 1068 1239 1116 neo

112 1152 237 1220 uiritim
259 1155 455 1239 ndgregnudn
475 1154 595 1232 ualeat,
625 1172 695 1221 oum
717 1171 795 1239 opus
822 1155 886 1237 est,
913 1172 1083 1246 segregare
1100 1152 1240 1237 pertitio.

113 1276 170 1323 uoe
202 1261 369 1341 praemisso
402 1257 504 1325 leudis
536 1276 645 1343 sapore
680 1257 821 1325 muscula
847 1258 945 1323 dictio
967 1258 999 1323 et
1020 1257 1151 1323 lumeni
1178 1274 1241 1320 ser·

113 1361 216 1426 monis
231 1360 355 1427 Latino
377 1361 577 1447 supercilium
591 1360 635 1425 sic
650 1360 850 1428 adhortetur:
875 1361 963 1445 “post
983 1359 1103 1443 epioem
1125 1360 1241 1423 diuini·

72 1462 192 1530 solede
215 1482 271 1550 ego
294 1463 350 1529 illu
372 1482 441 1531 sum
463 1482 541 1549 quoe
564 1465 614 1531 uel
639 1468 798 1531 commuto
821 1464 848 1531 si
870 1465 945 1531 eunt
967 1463 1051 1529 fecte
1071 1463 1123 1529 uel
1144 1463 1240 1529 feoioz

114 1566 290 1649 quentisuis
321 1568 482 1633 actionum
509 1566 645 1633 tenebris
675 1566 818 1634 inuoluto
841 1568 894 1633 lux
915 1566 1052 1650 sufficit,
1077 1584 1171 1651 quem
1194 1566 1240 1631 lo-

113 1671 234 1751 quendo
256 1669 422 1735 contulero.
450 1688 506 1754 ego
521 1690 590 1737 sum
605 1689 661 1754 per
676 1688 770 1753 quem
785 1672 948 1754 expectent
963 1670 1104 1736 homines
1119 1671 1240 1734 rectum

114 1772 154 1837 de
175 1772 299 1839 turbido
322 1772 586 1843 etinnooentiem
609 1778 646 1841 de
674 1792 798 1841 serene:
827 1791 882 1858 per
903 1789 954 1838 mc
983 1772 1070 1837 lusce
1097 1770 1241 1854 splendet

114 1876 311 1954 conscientie,
333 1895 389 1960 por
410 1896 461 1941 me
479 1876 548 1941 luce
569 1894 627 1945 sue
648 1876 774 1943 rediens
796 1876 975 1944 aduecticio
996 1878 1089 1942 nocte
1111 1874 1239 1957 tegitur,

73 1978 167 2043 renel
189 1978 216 2043 si
244 1978 285 2043 sit
312 1979 423 2063 ignaru
450 1980 663 2045 tenebrarum:
698 1982 745 2045 eet
773 1983 854 2063 quod
881 1996 938 2046 nec
967 1975 1094 2044 contidit
1122 1980 1242 2061 puritas

112 2099 171 2145 nec
194 2076 286 2165 culpe
306 2082 451 2166 suspiret.
486 2083 525 2149 ed
546 2100 654 2148 meum
677 2081 883 2165 conpendium
904 2080 1092 2164 ubicumque
1115 2082 1163 2146 est
1177 2074 1239 2145 Ro·

110 2200 225 2249 munus
248 2182 411 2267 inuigilat:
435 2182 534 2251 insece
557 2184 687 2252 diuitias
710 2184 841 2252 honores
863 2186 890 2251 si
912 2202 975 2251 non
998 2199 1160 2260 ornemus,
1181 2178 1239 2249 oe

111 2285 195 2351 iectu
215 2288 305 2351 eunt:
329 2305 385 2351 noe
408 2304 503 2370 regnu
518 2291 655 2372 regimus
671 2292 702 2353 ot
718 2288 906 2371 imperantes
926 2287 1066 2354 solobria
1085 2283 1238 2353 iubemus.

112 2388 189 2473 quid
212 2390 293 2475 quod
315 2388 578 2457 deolemutionum
602 2395 781 2457 nostrorum
796 2390 963 2458 oblectatio
977 2390 1079 2457 uincit
1093 2394 1239 2457 uniuerso

73 2511 191 2575 monae
224 2496 350 2577 sepiunt
375 2496 407 2559 et
437 2494 614 2577 opinionem
647 2510 742 2577 quem
775 2494 977 2560 conciliemus
1010 2496 1138 2560 aeterne
1169 2492 1240 2559 eaor

112 2598 186 2659 ente
214 2596 369 2680 scipiones
392 2598 423 2663 et
444 2592 567 2662 trebete
590 2598 636 2662 est
659 2612 810 2680 pompose
838 2598 995 2663 recitatio:
1031 2594 1068 2662 de
1097 2592 1239 2662 uirorum

111 2697 242 2763 fortium
263 2698 356 2765 fectis
379 2697 461 2782 quod
482 2701 628 2765 nolumus
658 2698 812 2765 creditur:
844 2704 951 2765 uotum
974 2717 1066 2764 usuro
1089 2699 1239 2764 aestimet

112 2804 193 2885 quod
224 2801 367 2867 silemus:
401 2800 521 2867 nubilio
549 2804 692 2888 germine
720 2820 756 2868 ex
783 2802 872 2868 uobis
902 2801 972 2867 fuse
1002 2804 1106 2868 orbem
1137 2802 1239 2866 totum

112 2904 178 2971 sole
200 2904 299 2969 clerae
326 2905 525 2991 perfectiouis
553 2906 721 2971 inredieut.
756 2904 897 2989 poetice,
919 2904 1145 2989 iurisperitus,
1169 2898 1239 2969 die·-

73 3007 241 3092 selectim,
275 3006 488 3092 arithmetico,
523 3006 594 3076 cum
623 3028 674 3075 me
703 3014 834 3077 utentur
862 3010 951 3093 quusi
980 3008 1155 3093 genetrice,
1190 3003 1240 3072 rn'e

113 3116 221 3176 temen
244 3112 407 3178 adserente
429 3114 502 3178 sunt
524 3114 633 3196 pretio.
669 3114 774 3181 audite
796 3121 904 3181 tumen
926 3117 957 3179 et
980 3129 1121 3189 carmon,
1144 3107 1240 3177 alieni

112 3214 194 3296 quod
217 3212 306 3279 nobie
328 3216 468 3299 suggerit
490 3216 583 3281 ludus
602 3216 727 3284 oflicii'.

165 3384 178 3438 1
203 3384 252 3438 hoo
277 3382 331 3451 Tb,
358 3384 409 3439 hec
431 3384 545 3441 BLPV
644 3388 764 3443 retorIcis
787 3388 852 3443 tiore·
954 3388 972 3442 2
998 3404 1104 3444 menore
1128 3405 1162 3443 a
1184 3402 1240 3441 me-

111 3470 182 3523 iores
201 3468 308 3525 Poe2
403 3471 516 3527 lun-icem
534 3471 621 3528 BLV
711 3472 871 3529 iiconnexis
890 3474 917 3529 Τ
1000 3477 1017 3531 5
1034 3476 1128 3548 pinget
1144 3474 1172 3528 Β

111 3556 127 3609 7
152 3554 250 3611 uirium
274 3554 349 3611 Pro
457 3574 485 3613 se
507 3573 605 3629 negsre
628 3558 656 3613 Β
763 3560 904 3633 pnnidpio
930 3563 964 3619 Β
1075 3560 1241 3617 dederetur

109 3639 138 3693 Β
242 3640 275 3696 10
301 3642 345 3697 nel
368 3642 396 3697 Β
418 3658 438 3699 s.
462 3644 481 3701 1.
592 3645 709 3699 odmutio
737 3644 778 3709 L,
808 3648 949 3702 committo
975 3648 1025 3715 (itt
1048 3664 1082 3703 ee
1103 3650 1136 3703 nt
1157 3648 1241 3713 corr.)

110 3726 139 3780 Β
242 3727 299 3781 sint
318 3727 367 3782 Pb
469 3728 538 3784 rocio
554 3729 582 3784 Β
685 3731 716 3785 11
741 3730 848 3786 sufficet
872 3732 900 3787 Β
1002 3733 1035 3787 13
1053 3748 1147 3788 sereno
1164 3735 1192 3804 (e
1208 3734 1241 3787 ise

108 3830 179 3897 roo.)
205 3829 233 3883 Β
354 3830 477 3901 splendet
501 3834 614 3903 scripsi,
643 3806 789 3921 splendiorfe'
812 3834 847 3900 Τ,
877 3832 1043 3905 splendorem
1069 3835 1172 3891 ano
1258 3909 1262 3922 Ι

111 3933 143 3987 15
162 3934 214 4003 eet]
231 3950 278 4003 per
296 3950 339 3988 me
357 3938 398 3991 est
414 3936 480 4002 fort.
585 3936 700 3993 confidet
723 3938 752 3992 Β
854 3938 892 4009 17,
911 3940 1048 3993 ornnueris
1070 3938 1172 3994 LTVb

109 4018 144 4073 18
155 4020 320 4091 regemurB
413 4022 602 4093 inpereutisB
697 4023 731 4077 19
742 4025 835 4079 uincet
846 4024 881 4092 Β,
903 4023 1043 4080 ιιιίιιοίιΙι
1137 4019 1169 4080 21
1184 4030 1241 4080 tre·

108 4104 219 4159 neee'B
315 4108 454 4179 pompose]
472 4110 588 4179 preciose
606 4109 633 4165 L
736 4110 772 4165 24
788 4112 860 4166 clere
877 4108 932 4166 PT
1026 4109 1127 4181 pericle
1144 4110 1228 4178 Β,

108 4190 144 4245 to
161 4192 315 4247 sretmetice
333 4194 368 4259 Β,
395 4194 553 4249 erimethioe
571 4194 596 4250 Τ
692 4199 749 4251 met
767 4195 795 4251 Β
891 4195 926 4251 26
944 4196 1126 4252 ndeerentldlee
1145 4198 1172 4253 Β

108 4282 174 4329 sunt
194 4274 256 4331 Tc.
273 4277 291 4331 1.
308 4280 378 4337 M
480 4282 582 4348 prestio
600 4282 628 4336 Β
738 4268 744 4282 ’
910 4283 914 4288 ’
