2992 4967
308 365 370 433 182
664 361 779 431 liagui
795 360 923 417 Felicia
940 360 1071 417 liunodi

306 550 412 618 munia
430 550 638 635 frequentiam
660 552 879 630 commodetis,
901 550 934 617 in
955 568 1016 635 qno
1038 568 1129 635 opere
1150 551 1374 618 adsiduitatem
1398 551 1434 615 et

305 672 414 721 amans
437 654 562 720 exhibet
583 658 615 720 et
642 655 805 721 laeuudus.

813 839 921 904 XIIII.

629 975 810 1032 ENNODIVS
833 974 1100 1032 imneredus.

348 1099 399 1165 Ita
420 1117 513 1182 supra
535 1098 710 1165 claritatem
725 1099 846 1181 generis
861 1116 983 1164 morum
999 1100 1066 1165 luoe
1081 1098 1267 1182 profecistis,
1288 1101 1325 1163 nt
1347 1117 1427 1183 quos
1450 1124 1464 1166 a

306 1203 402 1268 etiam
429 1200 518 1267 uobis
544 1218 607 1266 non
634 1202 732 1266 neotit
753 1202 968 1284 propinquitas
995 1204 1121 1268 artuum
1143 1204 1319 1267 uestrorum
1342 1204 1426 1267 bona

305 1304 468 1371 suhioiant.
512 1302 582 1385 quis
610 1304 692 1369 euim
712 1321 774 1370 uon
796 1304 966 1386 perfeetum
986 1305 1196 1370 reuerentiam
1223 1305 1267 1370 sit
1294 1308 1424 1388 paratus

305 1407 468 1489 inpendero
490 1407 614 1471 animae
634 1407 668 1471 iu
689 1406 740 1471 dei
762 1407 885 1472 cultura
905 1405 1056 1472 sublimi?
1077 1407 1151 1489 quia
1168 1409 1367 1491 peregrinum
1388 1426 1422 1472 ss

305 1510 380 1577 faoit
401 1529 420 1576 a
445 1507 647 1591 redemptoris
675 1509 779 1591 gratia
806 1510 861 1591 qui
888 1509 945 1574 deo
967 1526 1030 1574 uon
1050 1509 1179 1592 suspioit
1206 1510 1421 1593 obsequentes.

304 1613 454 1680 indioimu
487 1614 569 1677 anim
602 1614 651 1677 est
684 1612 927 1679 oonuersationia
958 1614 1142 1695 praeeipuae
1171 1612 1288 1679 Christi
1320 1613 1459 1683 nostrin

305 1735 408 1786 amare
431 1718 583 1781 cultores:
609 1715 768 1797 proximus
789 1719 838 1779 ost
860 1715 1122 1783 emendatissimis
1148 1718 1202 1799 qui
1228 1716 1334 1800 diligit
1356 1716 1421 1783 iam

303 1819 464 1906 probatos:
479 1818 693 1884 testimouium
704 1818 760 1883 dat
774 1820 924 1885 bonorum
934 1818 1003 1883 sine
1018 1818 1211 1884 dubitatione
1225 1820 1421 1897 meritorum,

304 1926 331 1989 ai
346 1923 472 1989 studeas
487 1920 631 1987 laudibus
646 1921 790 2004 prosequi
804 1922 862 1987 snb
878 1922 982 1988 debita
1003 1923 1235 1988 continuatione
1248 1922 1420 2006 perforatos:

304 2026 341 2091 fit
356 2023 474 2091 sanetis
488 2022 647 2107 proximus
661 2022 714 2105 qui
729 2024 763 2088 in
776 2023 842 2089 illis
856 2024 924 2089 aine
946 2024 1017 2090 fnoo
1032 2026 1190 2107 praedioat
1204 2026 1421 2090 sanotitatem:

304 2145 526 2213 quemeumque
539 2126 702 2211 diligentia
717 2127 860 2193 hortante
875 2128 1067 2211 praetuleris,
1083 2128 1279 2211 dispendium
1293 2128 1423 2212 pudoris
1432 2154 1459 2197 na

304 2236 362 2311 ert,
383 2231 416 2296 ni
438 2230 586 2313 sequaris.
627 2230 697 2312 quis
719 2231 810 2296 salua
837 2231 1021 2296 uerecundia
1046 2249 1101 2314 per
1124 2234 1249 2315 spinosa
1275 2230 1424 2314 gradiens

302 2335 471 2419 purgatum
493 2334 554 2399 iter
575 2333 709 2399 adtollat
731 2336 764 2399 et
784 2334 869 2399 niam
890 2335 1003 2401 salutis
1024 2334 1178 2417 aspioiens
1208 2334 1303 2400 ealles
1324 2334 1425 2417 eligat

303 2437 486 2503 noxiorum?
520 2434 669 2518 professio
691 2438 850 2503 eastitatis
872 2441 920 2503 est
941 2438 1021 2504 bona
1041 2439 1116 2503 anto
1136 2438 1241 2503 ooulos
1263 2440 1296 2503 in
1317 2455 1422 2502 exem-

301 2541 390 2623 plum
412 2538 513 2605 looata
534 2557 678 2622 respuere
701 2543 733 2603 ot
753 2539 835 2604 unde
856 2540 1031 2606 imitatione
1056 2540 1199 2623 proficias
1221 2559 1283 2606 nou
1304 2541 1421 2605 tenere.

302 2641 390 2721 haee,
412 2642 458 2707 mi
479 2642 619 2720 domina,
651 2642 689 2707 de
711 2642 743 2707 te
765 2660 826 2707 non
847 2642 974 2708 incertis
996 2642 1080 2709 fama
1109 2642 1268 2709 nuntiauit
1289 2642 1462 2719 indioiiaao

302 2764 364 2811 non
385 2744 496 2827 loquax
520 2744 635 2829 uulgus
656 2764 712 2826 per
726 2746 835 2829 ignara
855 2746 963 2811 iudicii
985 2764 1041 2812 ora
1056 2747 1198 2825 iaotanit
1220 2747 1271 2811 oni
1292 2764 1361 2811 mos
1375 2749 1424 2811 eet

301 2850 339 2914 de
359 2847 505 2913 humanis
527 2846 666 2925 artibus,
689 2850 765 2913 dum
786 2848 938 2914 scintillas
960 2852 992 2915 iu
1014 2866 1104 2933 rogos
1126 2852 1260 2929 animat,
1286 2848 1424 2934 amplifi·

302 2954 387 3017 ratas
414 2948 553 3016 fidolium
580 2948 720 3015 flammas
748 2952 937 3034 extinguere.
982 2952 1041 3017 hoo
1069 2956 1245 3019 nostrorum
1273 2950 1424 3018 relatione

299 3052 560 3136 propinquorum,
594 3053 756 3138 praecipue
783 3054 889 3119 tamen
917 3054 1044 3120 domina
1070 3058 1104 3120 et
1135 3073 1240 3121 sorore
1268 3051 1425 3136 liuprepia

355 3274 370 3328 1
389 3273 583 3329 adeiduetatem
601 3274 630 3327 Β
732 3274 751 3327 2
767 3274 877 3329 exhibet
894 3277 933 3346 et]
950 3276 1081 3332 exhibitat
1097 3276 1147 3333 Bd

352 3374 426 3431 XIV.
456 3376 645 3433 dareotamiae
655 3377 763 3446 BLVb,
781 3380 984 3436 archotamiel'
1076 3378 1423 3450 5pxofeoisfis(oarea)b.

300 3462 442 3532 proficietis
458 3462 494 3529 Β,
522 3463 651 3533 profluitia
670 3463 757 3520 ΒΝ
846 3466 969 3522 onear
984 3466 1034 3523 Bb
1118 3469 1221 3521 aot-um
1239 3465 1266 3519 L
1359 3464 1424 3518 Sia

304 3548 330 3603 V
344 3565 366 3605 a.
384 3550 403 3603 t.
504 3549 522 3603 9
539 3564 568 3603 a·
585 3548 613 3617 (d
631 3553 713 3619 mor.)
730 3550 759 3605 Β
862 3551 1021 3619 redemptori
1038 3551 1066 3606 Β
1168 3549 1285 3620 suspirat
1301 3550 1338 3619 B,
1364 3564 1422 3604 aus

299 3636 367 3704 eipit
384 3635 439 3691 ΒΤ
543 3634 576 3690 10
598 3636 778 3690 oonuaraionis
798 3637 825 3692 Τ
923 3636 1062 3706 praecipue
1082 3637 1135 3692 TV
1236 3637 1267 3691 ll
1289 3635 1424 3704 proximus

300 3720 360 3784 Bb,
392 3720 519 3790 proximis
549 3718 607 3775 LV
722 3721 822 3791 dili3at
848 3722 893 3786 1²¹,
922 3721 1020 3791 diliget
1045 3722 1073 3777 Β
1195 3722 1227 3778 12
1254 3721 1302 3776 das
1331 3722 1357 3777 d

299 3806 332 3860 15
350 3821 527 3875 quaecumque
548 3806 596 3861 Bb
688 3809 795 3879 oriante
813 3806 947 3863 13¹me
1041 3809 1074 3864 16
1090 3809 1129 3878 ni}
1147 3824 1181 3863 ne
1197 3806 1254 3872 Bo,
1280 3808 1309 3860 in
1328 3806 1356 3862 L

299 3891 454 3945 uerooondia
476 3889 511 3946 Β
616 3892 711 3961 pinosa
728 3892 756 3947 Β
861 3892 893 3947 l'l
910 3892 988 3947 callia
1006 3894 1033 3947 Β
1137 3894 1171 3949 18
1186 3893 1310 3948 oeoitatia
1326 3893 1356 3948 B

300 3993 333 4047 19
351 3994 481 4062 mspnere]
500 3995 627 4064 respirare
646 3994 727 4050 Sirra.
839 3993 874 4048 do
895 3994 943 4063 mi]
965 4010 1024 4052 mea
1047 3997 1063 4053 d
1172 3998 1205 4052 21
1226 3970 1308 4068 u'lgus
1327 3997 1355 4051 Β

299 4076 455 4148 ignorantia
473 4079 500 4134 L
592 4080 626 4135 22
638 4080 671 4135 de
683 4096 733 4136 oar.
746 4080 774 4136 L
869 4081 1011 4137 matulina
1028 4082 1056 4137 B
1140 4098 1219 4153 rogos
1236 4084 1261 4149 t,
1286 4096 1369 4153 rogus
1385 4083 1423 4151 Β,

299 4179 393 4233 rogum
424 4163 507 4221 ΜΨ
614 4168 765 4237 anplieataa
790 4166 819 4222 Β
937 4167 972 4223 24
999 4170 1156 4254 praeeipnpe
1183 4168 1212 4224 Β
1324 4168 1425 4225 domna

299 4266 380 4324 Sirra
485 4270 625 4337 eupraapia
642 4270 698 4337 Bb,
726 4270 821 4342 suppia
838 4271 895 4328 ΒΤ
