2992 4967
280 343 321 407 74
637 339 752 408 manni
770 337 899 394 Feliois
915 338 1047 394 Enuodi

279 535 374 599 ritate
395 533 525 598 nuntius
548 551 598 599 me
621 532 744 598 uestrae
765 529 949 598 ualitudinis
972 531 1004 595 et
1022 530 1237 612 prosperitatis
1259 527 1401 599 adtollat

281 636 475 703 nominatum
508 639 615 701 temen
641 652 695 717 pro
720 635 786 700 mei
812 631 1055 700 consideratione
1081 632 1268 717 magnitudo
1297 637 1403 698 uestra

279 739 411 824 gemino,
435 737 464 802 si
485 738 634 819 indignus
654 741 797 820 preoator
818 754 883 802 non
902 753 983 814 sum,
1005 736 1111 802 fauore
1133 737 1308 804 eomitetur.

800 924 879 990 1111.

561 1057 747 1114 snbonivs
767 1059 901 1113 ABBA'I'I
920 1057 1118 1114 subfundit).
1422 1066 1434 1104 ³

321 1185 512 1250 Litterarum
534 1187 711 1249 uestrarum
734 1200 829 1264 quam
852 1183 940 1248 duloe
961 1181 1122 1266 negotium
1144 1184 1201 1256 est,
1225 1180 1306 1262 quod
1321 1179 1401 1243 mibi

278 1286 420 1371 spiritale
442 1305 554 1352 munus
578 1285 732 1351 exhibuit!
756 1303 850 1367 quem
873 1283 980 1349 uotiua
1000 1283 1191 1366 perlatorum
1219 1283 1401 1364 nenessitas,

277 1406 355 1471 quse
378 1389 506 1453 remedii
534 1388 583 1454 sui
605 1387 708 1454 studio
730 1385 891 1452 desideriis
914 1387 1056 1452 medetur
1082 1384 1211 1449 alienis!
1245 1383 1402 1460 confiteor,

276 1492 337 1556 nisi
365 1492 551 1576 repugnaret
572 1487 746 1574 preposite,
780 1488 909 1555 iuimiea
941 1507 1019 1571 pene
1052 1487 1091 1552 ad
1123 1487 1312 1552 turbandam
1343 1487 1402 1551 ali·

276 1611 408 1676 quorum
438 1593 636 1657 securitatem
664 1595 739 1657 uota
763 1594 962 1673 eoneiperem.
998 1607 1068 1656 eeoe
1088 1591 1249 1671 praestant
1271 1592 1402 1654 aduersa
1410 1603 1434 1641 1⁰

277 1697 357 1780 quod
392 1695 526 1760 seeundo
558 1713 620 1759 non
651 1695 804 1758 tribuunt.
855 1699 1031 1758 ssuotorum
1065 1692 1187 1756 litteras
1220 1691 1400 1775 tranquillis

276 1799 369 1862 rebus
397 1799 479 1862 unde
511 1798 655 1879 pecoator
686 1796 870 1877 aooiperem,
906 1814 982 1878 quas
1014 1812 1185 1877 numquam
1218 1795 1401 1861 meritorum

276 1918 415 1965 meorum
438 1899 520 1965 nitor
542 1897 670 1981 exegit?
698 1915 767 1962 ecoe
790 1903 941 1980 quantum
970 1897 1051 1962 mibi
1070 1897 1268 1962 eontulerunt
1288 1895 1401 1962 suffra·

275 2003 363 2090 gium
391 1989 443 2084 qui
465 2020 485 2066 a
507 2001 593 2067 uobis
624 1998 797 2066 obtinuisse
824 2018 857 2066 se
879 1999 1073 2065 confitentur.
1110 2000 1249 2066 mutuam
1271 1999 1400 2065 aestinm

275 2104 501 2186 prouidentiam
523 2103 585 2168 ista
606 2103 754 2169 tribuere.
786 2104 924 2168 multum
945 2103 1008 2169 iam
1031 2105 1119 2168 oredo
1141 2103 1222 2184 quod
1236 2103 1274 2167 de
1297 2103 1429 2166 melseo

277 2205 517 2272 oonuersationis
555 2205 638 2270 fasee
670 2205 806 2288 deposui.
842 2205 1001 2288 proximus
1035 2210 1084 2270 est
1119 2208 1314 2272 innoeentiae
1347 2205 1400 2288 qui

274 2311 454 2376 sanotorum
475 2310 612 2373 meretur
634 2307 783 2390 alloquia
806 2326 900 2390 quare
915 2309 990 2375 dum
1008 2327 1059 2374 me
1081 2309 1246 2374 saecularis
1269 2308 1400 2374 lieentia

274 2412 422 2478 inmunda
435 2413 586 2495 possedit,
606 2429 777 2494 numquam
798 2412 879 2476 tanti
895 2410 955 2475 uiri
971 2411 1074 2495 apiees
1090 2411 1200 2494 merui,
1214 2413 1285 2494 post
1300 2410 1397 2476 etiam

274 2533 329 2596 per
350 2515 444 2598 longa
464 2515 634 2580 interualla
655 2532 827 2597 numquam
848 2512 1024 2580 huiusmodi
1046 2512 1129 2577 bona
1150 2513 1281 2597 suscepi.
1322 2514 1397 2579 deus

273 2635 395 2700 magne,
419 2635 513 2698 quam
528 2617 715 2702 dignitatem
737 2616 944 2682 seruientibus
967 2615 1025 2680 tibi
1046 2613 1170 2692 tribuis,
1192 2616 1229 2679 ut
1250 2633 1326 2697 quos
1348 2631 1429 2680 re-oo

275 2719 392 2802 spicere
409 2719 546 2802 eoeperis
563 2719 658 2785 stiam
674 2719 783 2784 amieis
805 2719 868 2784 tuis
884 2718 995 2784 reddas
1009 2722 1164 2800 aooeptosl
1188 2738 1261 2785 uere
1276 2738 1398 2804 semper

273 2837 327 2885 uos
349 2821 499 2903 singulari
523 2823 647 2888 oultura
669 2821 801 2903 suspexi,
824 2840 946 2904 semper
970 2817 1154 2887 ue'uerandis
1169 2823 1309 2887 moribus
1323 2840 1396 2904 gra·

327 3089 344 3142 3
361 3091 482 3156 precator
501 3089 542 3158 (oa
559 3089 592 3143 io
610 3090 676 3156 ras.)
703 3089 727 3142 V
826 3090 918 3145 labore
936 3093 964 3146 Β

325 3190 392 3247 1111.
427 3193 445 3246 5
467 3191 707 3250 ennodius-l.16
725 3191 860 3261 proximus
879 3198 921 3248 est
938 3195 978 3248 bis
996 3196 1057 3250 osb.
1076 3196 1113 3261 Β,
1126 3198 1224 3265 priore
1236 3201 1395 3270 apopropbo

273 3282 409 3346 exprowto
421 3277 484 3344 folii
496 3281 540 3332 ὅδ’
553 3277 625 3348 quod
636 3279 750 3333 relietum
760 3284 820 3333 eret
832 3285 857 3333 et
869 3285 953 3333 totum
963 3280 1061 3345 folium
1072 3285 1118 3336 55²¹
1129 3298 1249 3336 uacum
1310 3300 1391 3339 enno·

272 3363 334 3418 dius
360 3363 460 3419 ΜΤ
578 3363 682 3418 stefarm
709 3363 782 3418 ΒΨ
899 3365 1029 3419 lmunos
1053 3367 1327 3438 B(upopr.1et2)

272 3449 375 3504 exibuit
400 3449 429 3504 Β
456 3451 562 3519 (apoqr.
581 3452 608 3516 1)
635 3449 674 3503 Β
804 3451 821 3504 8
848 3449 948 3520 studio]
975 3451 1087 3506 stimulo
1115 3452 1143 3506 Β
1168 3455 1274 3524 (epops.
1297 3459 1327 3522 2)

271 3535 402 3590 desiderio
423 3535 458 3590 T*
575 3535 690 3604 ilpenae
708 3535 739 3588 Β
753 3537 855 3606 (epops.
874 3541 890 3589 1
908 3542 935 3591 et
952 3539 983 3601 2)
1095 3537 1223 3592 alieorum
1241 3538 1269 3592 Β
1286 3542 1392 3612 (opopa

270 3625 295 3688 1)
418 3621 451 3675 10
482 3635 651 3688 ooneeperem
677 3620 704 3674 Β
731 3621 834 3691 (opopa
858 3625 899 3688 1),
929 3623 1090 3690 ooneeperim
1116 3623 1144 3676 Β
1170 3624 1272 3694 (opopr.
1295 3628 1326 3694 2)

272 3756 324 3808 qua
341 3756 398 3795 eooe
419 3742 444 3796 Τ
468 3714 522 3809 qus
540 3756 601 3810 esp.
729 3743 1137 3814 prestantBiupopr.1.et2)
1257 3747 1288 3800 11
1307 3745 1392 3800 tribu-

270 3829 337 3878 sunt
354 3833 383 3892 (u
400 3830 482 3896 eras.)
500 3827 527 3882 L
639 3828 671 3881 12
694 3830 862 3897 peooatomm
884 3831 917 3886 T*
1020 3845 1167 3899 aeoeperem
1186 3830 1213 3883 Β
1231 3837 1339 3902 (apopr.
1358 3835 1393 3900 1),

271 3911 415 3980 acceperim
429 3912 616 3982 Blopopr.2)
711 3930 790 3983 quam
804 3915 831 3970 L
920 3915 952 3970 13
964 3913 1133 3970 contelerunt
1146 3915 1325 3987 B(apopr.1)

270 3995 335 4065 quia
355 3997 427 4050 Tin
445 4011 498 4050 roe.
517 4001 590 4052 nat
711 4000 745 4054 lb
767 4000 830 4070 ista]
855 4001 904 4055 illa
921 4001 1006 4056 Siron.
1117 4002 1188 4055 male
1205 4000 1233 4056 Β
1251 4005 1393 4073 (opopm

269 4088 294 4136 et
314 4084 343 4150 2)
362 4082 445 4138 MV
555 4085 588 4137 17
606 4085 742 4154 eolloqnis
759 4085 840 4140 Sirra
944 4087 1112 4142 secularisB
1216 4089 1249 4144 19
1272 4090 1391 4160 perlqui

269 4167 298 4222 L
381 4169 481 4238 susoipi
500 4169 527 4224 Β
614 4169 649 4224 20
665 4171 856 4241 seruientibus]
873 4171 1088 4228 erodentibusT
1171 4174 1203 4229 21
1222 4176 1325 4244 seper-is
1338 4176 1391 4230 BL

272 4254 327 4308 TV
427 4259 551 4325 aceeptus
570 4256 598 4309 Β
