2992 4967
269 320 335 387 200
627 317 741 388 llagni
758 318 885 373 Felicis
901 319 1034 374 Enncdi

270 506 426 575 Ciceronis
448 507 565 592 gladios
588 508 621 573 ct
635 506 857 575 Demosthenis
878 510 994 576 enituit
1014 512 1046 575 ct
1062 511 1223 593 utriusque
1238 508 1398 593 propositi

270 610 418 677 acumina
449 610 537 693 quasi
569 615 662 676 natus
696 611 729 676 iu
763 614 832 697 ipsa
864 612 979 678 artium
1013 630 1091 694 pace
1124 612 1258 696 mllcgit.
1302 629 1400 676 nemo

270 714 493 779 dissonantiam
521 712 646 779 Atticae
678 713 880 797 perfectionis
919 717 1041 779 metuat
1074 714 1107 779 ct
1139 714 1297 779 Romanae
1337 730 1399 778 noc

270 818 435 900 praecipua
455 817 596 898 gentium
618 816 700 881 bona
720 816 754 881 in
776 817 960 883 societatem
975 817 1099 882 dubitet
1112 815 1286 882 conuenire.
1311 834 1398 879 unus

272 936 305 985 cs
327 919 380 1001 qui
401 920 567 1001 utrumque
597 921 802 1003 conplecteris
824 924 856 985 et
877 920 1023 1004 quicquid
1045 919 1167 985 uiritim
1188 919 1399 983 distributum
1422 940 1436 979 a

270 1021 392 1105 poterat
412 1020 489 1087 satis
512 1039 577 1088 esee
600 1022 710 1087 auidus
734 1025 942 1089 maximarum
955 1041 1061 1088 rerum
1072 1038 1230 1105 possessor
1246 1020 1398 1086 includis.

272 1124 480 1206 eloquentiam
495 1127 647 1199 ueterum,
664 1124 738 1190 omn
752 1124 897 1205 imiteris,
917 1140 1099 1207 stuperes:
1122 1125 1244 1190 dicendi
1260 1123 1398 1189 formam

271 1227 458 1293 doctissimis
473 1227 596 1311 tribuis,
613 1229 687 1293 dum
703 1229 846 1311 requiris.
869 1231 916 1295 est
931 1228 1013 1311 apud
1027 1246 1079 1293 me
1094 1226 1247 1309 epistulae
1261 1230 1398 1305 uestrae,

271 1348 351 1412 quae
384 1329 475 1395 liniue
509 1332 555 1396 rei
582 1330 675 1397 fidem
703 1330 815 1415 faciat,
849 1332 1026 1397 ueneranda
1058 1331 1236 1414 conpositio.
1275 1331 1398 1395 utinam

272 1450 350 1515 qnae
371 1452 390 1499 a
412 1431 501 1499 nobis
523 1433 700 1519 diriguntur
720 1436 790 1501 tam
812 1438 918 1503 esseut
939 1436 1047 1501 aebra
1070 1450 1163 1515 qnam
1184 1432 1312 1497 enanis!
1346 1432 1396 1496 di·
1409 1458 1436 1496 ro

271 1535 349 1601 catis
373 1533 517 1601 forsitan:
546 1555 601 1619 par
624 1536 685 1602 luit
706 1538 913 1621 propinquum
935 1537 1061 1603 laudare
1082 1536 1115 1599 in
1130 1552 1292 1601 commune
1317 1553 1398 1619 aug·

271 1641 413 1705 mentum
432 1636 640 1719 laborantem,
663 1639 736 1723 quia
759 1657 821 1704 non
843 1642 891 1704 eet
912 1641 1075 1726 proprium
1088 1640 1169 1722 quod
1183 1638 1271 1720 quasi
1286 1638 1398 1722 singu·

270 1739 379 1805 laritcr
400 1739 526 1807 uidetur
547 1742 686 1824 palmata
709 1741 862 1807 conferre:
886 1742 972 1808 uenit
993 1742 1031 1807 ad
1057 1762 1107 1807 mc
1129 1741 1272 1825 equidem
1293 1742 1399 1823 portio

273 1842 311 1907 de
334 1842 442 1908 curuli.
473 1840 537 1920 ssd,
560 1842 589 1908 si
611 1844 690 1908 mihi
712 1844 848 1923 creditis,
870 1844 941 1928 plus
957 1845 1058 1929 erigor
1075 1845 1113 1909 ds
1127 1846 1218 1928 genio
1234 1846 1266 1908 et
1280 1843 1398 1908 studiis

273 1942 446 2011 sublimati.
465 1946 621 2012 interdum
637 1949 831 2013 accesserunt
844 1946 907 2013 ista
921 1948 960 2012 de
971 1948 1109 2014 casibus:
1125 1948 1185 2011 soli
1197 1946 1399 2031 contigerunt
1409 1974 1434 2012 ιι

272 2046 329 2111 illa
350 2046 472 2113 uirtuti.
505 2067 602 2131 prope
623 2050 710 2133 inops
726 2049 765 2115 cd
781 2050 952 2133 scipionem
973 2050 1137 2116 adducitur
1160 2047 1300 2131 suffragii
1323 2066 1397 2113 oon·

272 2148 384 2215 tuleris
407 2152 459 2234 qui
482 2154 607 2217 tantum
630 2154 667 2218 dc
689 2154 869 2235 parentibus
891 2152 1055 2235 gloriatur.
1093 2153 1152 2216 tibi
1174 2153 1339 2233 utrumque
1364 2151 1398 2215 in

273 2252 394 2335 peculio
416 2254 478 2333 est,
505 2252 639 2320 Latiaris
666 2255 798 2320 scientia
819 2256 851 2320 ot
873 2273 954 2320 uena
974 2272 1189 2339 purpurarum.
1227 2271 1244 2317 o
1266 2254 1295 2317 si
1318 2252 1399 2318 mihi

273 2372 334 2419 non
356 2355 424 2421 stili
446 2356 623 2441 epistularis
647 2356 856 2422 consideratio
877 2356 912 2422 in
929 2357 1058 2440 longum
1081 2357 1223 2437 equidem
1245 2356 1399 2440 producta

273 2474 384 2522 manus
407 2462 590 2543 opponeret!
625 2459 705 2543 quod
732 2460 787 2525 alii
810 2458 959 2525 relatione
981 2458 1085 2526 ditant
1106 2476 1162 2542 ego
1184 2459 1316 2523 crudum
1339 2459 1433 2526 otsiao

274 2558 409 2628 ommis
442 2562 599 2627 ordinibus
633 2562 827 2645 explicarem.
871 2564 962 2628 redeo
996 2561 1036 2627 ad
1069 2560 1258 2626 tabellarum
1291 2559 1397 2625 fidem

273 2662 379 2729 ualere
400 2682 450 2729 mc
470 2664 582 2731 nuntio
604 2668 636 2730 ct
651 2665 758 2730 utrum
774 2664 906 2729 ualeatis
922 2664 1052 2747 inploro,
1075 2666 1114 2729 ad
1128 2680 1285 2728 summam
1298 2662 1396 2728 bene-

273 2764 338 2832 ficii
359 2767 529 2850 postulans,
552 2771 588 2832 ut
604 2767 742 2849 dignatio
758 2786 808 2831 me
825 2766 974 2851 reciproci
996 2765 1148 2831 sermonis
1171 2764 1313 2843 adtollat,
1338 2764 1398 2829 hoc

274 2886 396 2953 quoqne
418 2870 601 2951 deprecans,
624 2871 661 2933 ut
681 2872 824 2949 domum,
847 2888 940 2952 quem
963 2872 994 2934 iu
1018 2866 1242 2933 Mediolanensi
1264 2867 1396 2932 ciuitate

275 2972 308 3034 ct
329 2970 521 3037 abundantia
547 2974 654 3038 uestra
676 2976 708 3038 et
730 2972 891 3058 neglectus
920 2974 1142 3057 propemodum
1169 2970 1233 3035 iam
1255 2970 1433 3052 reliquita

275 3072 353 3138 mibi
375 3092 435 3157 quo
458 3076 555 3141 uultis
570 3094 682 3161 genero
697 3075 879 3141 concedatis
909 3076 1029 3140 iustum
1044 3078 1092 3139 cst
1107 3076 1189 3139 cuim
1204 3078 1240 3138 ut
1252 3078 1397 3157 parentes

327 3368 341 3421 l
360 3366 466 3435 gladius
484 3366 512 3421 Β
608 3366 769 3421 demostenis
787 3364 897 3420 sm
899 3365 916 3419 b
1016 3364 1034 3418 ll
1052 3366 1110 3433 ipsc
1127 3380 1152 3419 a
1169 3362 1245 3432 apice
1260 3362 1329 3428 fort.

275 3452 423 3523 colligetB
509 3454 639 3508 datticae
651 3454 829 3521 (melam)
840 3452 877 3517 Β,
901 3452 1029 3507 anticeL
1119 3449 1332 3520 profccflcnioL

275 3538 491 3597 bdcstributum
511 3538 538 3595 Β
640 3538 655 3591 7
678 3554 803 3608 nuperae
819 3538 875 3595 Μ’
973 3539 992 3593 8
1008 3536 1111 3593 tribues
1127 3536 1177 3591 Bb
1279 3534 1398 3604 requires

277 3623 305 3677 B
390 3623 497 3679 sfldcm
509 3624 562 3693 Bb,
584 3623 759 3690 fidnciemV,
785 3624 910 3679 fidutiam
922 3623 976 3678 ΒΤ
1068 3623 1098 3677 11
1112 3621 1331 3691 propinquamB

276 3710 305 3763 in
323 3710 350 3763 Τ
363 3725 385 3765 e.
397 3710 415 3765 l.
501 3712 656 3779 agmentum
676 3709 710 3763 Β
806 3710 840 3763 13
857 3707 996 3793 ecquidem
1014 3708 1043 3762 Β
1136 3708 1170 3762 14
1187 3706 1287 3793 curruli
1307 3706 1335 3761 Τ

278 3828 487 3886 meum
589 3830 809 3884 nectarco
908 3827 1084 3897 muman
1185 3798 1397 3913 leopardam

278 3948 305 4005 Β
405 3950 531 4021 equidem
555 3950 583 4007 Β
684 3947 892 4019 productim
994 3944 1029 4002 20
1052 3920 1142 4033 difant
1165 3948 1190 4013 (c
1205 3962 1228 4001 c.
1245 3946 1264 4002 1.
1282 3963 1316 4001 ot
1334 3955 1396 4011 rec)

277 4052 319 4120 Β,
347 4052 489 4109 distento
595 4054 905 4123 ctu-(niemfli
1015 4051 1335 4137 22nticctntrn1n1'

276 4158 312 4213 23
337 4157 460 4229 Quane
486 4174 529 4213 me
554 4160 593 4215 Ρ
702 4159 738 4215 bb
756 4157 947 4214 ‘habundantia
972 4158 1028 4214 ΒΤ
1132 4155 1251 4225 reliquid
1276 4156 1332 4211 BL

277 4244 312 4301 26
328 4260 425 4315 genera
442 4245 470 4299 L
571 4244 718 4303 concidatis
736 4247 765 4301 Β
