2992 4967
617 334 732 403 Magni
749 332 877 388 Felicis
893 330 1025 387 Ennodi

577 1001 747 1087 LIBER
784 999 1071 1085 SEPTIMVS.

814 1223 840 1289 Ι.

643 1375 827 1431 ausonius
848 1375 1009 1431 lunulae.

307 1500 484 1585 Praeceptis
506 1499 735 1583 magnitudinis
765 1502 888 1564 uestrae
913 1498 1123 1564 ministerium
1144 1497 1314 1563 debitionis
1336 1514 1389 1563 cx-

264 1604 430 1683 soluimns,
459 1602 532 1686 quia
559 1602 596 1666 dt
617 1602 768 1685 aequitati
798 1602 956 1686 proximus
984 1602 1037 1684 qui
1068 1600 1141 1666 iusti
1168 1600 1231 1665 uiri
1259 1600 1389 1665 monitis

265 1708 460 1775 obsecundat.
477 1706 672 1789 negotiorum
696 1704 841 1787 qualitas,
857 1722 935 1786 quae
948 1702 989 1767 ab
1011 1704 1110 1768 arnico
1125 1704 1270 1768 ueritatis
1291 1720 1389 1786 agno-
1410 1720 1423 1761 a

264 1813 378 1877 suenda
399 1809 623 1891 committitur,
658 1808 802 1873 cautione
829 1806 961 1871 instruit
983 1809 1124 1872 animum
1146 1805 1317 1889 cognitoris
1339 1806 1388 1871 in·

265 1913 356 1997 tegni.
392 1913 596 1978 adlectionem
619 1910 784 1977 infudisset
806 1909 896 1975 nobis
919 1908 1146 1993 magnitudinis
1167 1914 1292 1974 uestrae
1314 1926 1389 1974 cou-

266 2016 424 2094 sideratio,
446 2018 473 2081 si
495 2015 598 2081 studia
614 2032 675 2079 non
698 2014 864 2080 dedissent.
888 2016 921 2077 in
943 2014 1068 2098 nogotio
1086 2013 1193 2097 igitur,
1209 2014 1292 2095 quod
1307 2014 1390 2077 inter

266 2120 437 2185 Bautonem
459 2117 563 2200 regiae
578 2120 687 2183 domus
709 2116 928 2182 conductorem
949 2121 982 2181 et
997 2116 1206 2197 Epiphaniam
1221 2116 1390 2179 carterium

266 2224 414 2306 uertitur,
445 2222 519 2286 dum
541 2239 652 2304 auceps
675 2222 708 2285 in
731 2220 951 2303 disceptatione
972 2222 1079 2285 nostra
1108 2219 1239 2284 euentus
1261 2219 1391 2283 nutaret
1399 2241 1424 2281 ro

265 2333 297 2394 et
319 2328 439 2392 alterna
467 2344 500 2390 se
522 2327 623 2407 partes
645 2325 818 2389 intentione
840 2323 1041 2403 conlidereut,
1064 2325 1226 2388 adserente
1248 2322 1390 2387 Bantona

266 2449 298 2496 sc
320 2429 480 2511 sexaginta
509 2430 540 2493 ot
562 2431 694 2511 quatuor
724 2428 838 2493 solidos
859 2428 1009 2510 publicos,
1039 2444 1115 2509 quos
1138 2425 1177 2490 de
1198 2426 1320 2508 reliqua
1340 2426 1390 2490 in·

266 2532 408 2600 dictionis
439 2532 524 2598 illius
556 2532 668 2596 emisso
702 2531 906 2614 chirographo
940 2530 1044 2595 fuerat
1076 2530 1187 2595 dehere
1219 2528 1388 2595 confessus.

265 2635 378 2701 idcirco
411 2653 471 2699 non
493 2652 581 2716 posse
614 2634 792 2713 restituero,
827 2634 900 2716 quia
927 2652 984 2715 per
1011 2650 1122 2699 manus
1152 2632 1295 2699 sublimis
1327 2632 1391 2697 uiri

266 2739 402 2804 Proiecti
430 2737 634 2821 quadraginta
663 2738 778 2802 solidos
801 2736 974 2820 Epiphanio
995 2737 1135 2820 suffragii
1158 2736 1283 2801 nominc
1314 2753 1424 2803 con-s

266 2842 402 2919 tulisset,
432 2858 488 2922 pro
510 2841 623 2923 quibus
651 2840 776 2904 nullum
796 2839 979 2905 beneficium
1009 2845 1151 2905 secutum
1179 2840 1275 2905 inisse
1298 2843 1389 2906 dooe-

266 2950 361 3023 retur,
395 2947 428 3008 et
460 2943 623 3027 replicaret
655 2945 721 3025 ipse
755 2941 962 3024 Epiphanius,
996 2962 1028 3007 se
1054 2944 1080 3008 si
1108 2944 1183 3026 quid
1209 2945 1389 3027 accepisset,

267 3046 372 3111 labore
401 3048 551 3110 meruisse
578 3062 633 3109 nec
662 3044 780 3109 frustra
805 3046 865 3111 sihi
892 3065 910 3111 a
933 3046 1071 3111 Bautone
1100 3045 1265 3129 quicquam
1295 3048 1389 3112 inisse

269 3148 427 3213 conlatum
459 3150 510 3212 uel
543 3148 658 3231 prolati
689 3150 779 3215 testis
814 3149 905 3214 fidem
940 3148 1083 3214 laudibus
1112 3150 1304 3215 incessanter
1335 3151 1390 3215 ad·

268 3251 407 3315 tolleret:
431 3252 598 3316 statuimus
620 3254 656 3316 ut
671 3252 728 3317 suh
752 3252 946 3318 iureiurando
962 3252 1040 3316 mihi
1056 3251 1233 3317 nominatus
1247 3255 1390 3335 superius
1400 3271 1424 3312 ao

268 3352 318 3417 uir
340 3352 453 3419 nobilis
476 3354 635 3420 Proiectus
664 3356 695 3420 et
723 3358 839 3438 sperati
861 3374 960 3441 genus
988 3355 1161 3421 declararet
1188 3356 1330 3423 honelicii
1360 3358 1391 3422 et

269 3456 426 3535 effectum,
450 3458 476 3522 si
498 3458 544 3522 ita
559 3458 649 3542 esset,
666 3458 823 3523 adsereret
838 3477 898 3524 uon
914 3460 1072 3523 secutum:
1095 3459 1178 3541 quod
1194 3477 1264 3523 cum
1279 3458 1393 3525 luisset

319 3729 343 3784 Ι.
371 3729 564 3800 3dehitionis]
589 3730 739 3785 denotionis
763 3732 779 3786 h
882 3732 1073 3785 dmutioncm
1096 3732 1125 3794 la,
1156 3731 1301 3786 cautiorem
1320 3733 1391 3786 wat.

269 3814 396 3871 &mora
500 3816 696 3871 lmluuuiuaet
714 3817 776 3882 Bb,
804 3817 952 3871 inaudisset
968 3817 995 3870 L
1093 3816 1278 3885 tepiiauium
1296 3816 1323 3870 Β

269 3900 434 3956 cartherium
457 3901 556 3957 BLVt
668 3903 701 3956 12
718 3901 842 3970 publicus
860 3902 903 3956 Bo
1015 3904 1048 3956 13
1065 3900 1250 3971 chyrographo
1267 3904 1292 3968 b,
1319 3918 1392 3974 cyro

271 3986 372 4055 grapho
384 3986 446 4051 LV,
469 3988 608 4057 cyrogruio
620 3990 655 4055 B,
680 3990 839 4058 cirographo
856 3990 881 4043 T
963 3989 1055 4043 deberi
1066 3988 1133 4055 sort.
1230 3990 1263 4044 15
1274 3988 1392 4057 epifania

271 4070 305 4136 B,
333 4071 528 4140 epiphauiciT
613 4076 731 4131 nominis
748 4076 798 4130 Bb
895 4076 928 4131 16
944 4075 1054 4130 docetur
1074 4074 1109 4129 V¹
1207 4075 1240 4128 17
1257 4074 1393 4143 epifaniae

271 4156 360 4211 BLV
457 4158 490 4213 18
512 4159 546 4215 ab
564 4164 676 4215 auctorne
695 4161 723 4215 B
827 4162 860 4215 19
882 4161 1074 4217 collooatnmb
1176 4160 1282 4231 proteu
1301 4164 1328 4217 Τ

270 4242 305 4297 20
322 4242 478 4299 statuim’as
496 4248 538 4312 (us
557 4250 639 4313 eros.)
657 4246 685 4301 L
787 4246 854 4301 mihi
871 4263 921 4303 ova.
939 4248 987 4303 Bb
1089 4246 1325 4303 albanensem
