2992 4967
460 326 696 399 Epistularum
711 326 800 381 iiber
815 326 880 384 m
1169 326 1231 395 183

110 514 273 593 referente,
294 515 480 600 percrebuit,
503 534 563 583 non
577 517 678 581 solum
694 534 750 583 nos
765 516 875 601 dignas
889 533 957 581 esee
970 513 1152 599 praeconiis,
1173 517 1228 583 sed

109 620 284 687 instituisse
307 620 521 687 celebrandum
545 622 576 684 et
590 620 762 687 uenerabili
781 618 847 685 ilio
862 636 935 685 oum
948 618 1112 704 prosapiae
1132 616 1230 685 radiis

109 723 208 790 facem
236 723 478 791 conuersationis
499 723 647 805 ingerere.
680 721 785 802 habet,
806 723 959 805 quantum
980 722 1114 807 oouperi,
1146 721 1229 789 Liri·

108 828 213 893 nensis
247 826 404 893 habitator
433 826 513 909 quod
540 824 578 891 de
606 828 715 891 sancta
742 829 842 891 matre
876 824 993 908 discat,
1026 826 1122 892 etism
1150 843 1229 909 quae

81 928 231 997 suriana
256 928 413 995 domicilia
434 947 494 996 non
516 928 651 1012 reliquit.
673 931 702 995 si
723 927 802 994 mihi
823 928 922 993 eredit
942 928 1043 1013 pietas
1064 930 1135 1011 tua,
1158 927 1230 1012 plue

107 1036 159 1097 est
181 1033 215 1096 iu
235 1033 301 1099 acie
322 1030 435 1097 uicisse
456 1031 616 1097 saeculum
639 1050 732 1115 quam
754 1031 889 1097 uitasset
917 1031 1055 1114 resignat
1085 1032 1229 1097 timorem

107 1134 188 1219 fuga
209 1134 397 1215 certaminis,
421 1150 478 1201 uec
498 1152 566 1217 spes
589 1136 636 1199 eet
658 1134 725 1201 ulla
746 1134 888 1219 uirtutis,
920 1138 1041 1217 qnando
1064 1138 1135 1200 ante
1158 1150 1230 1200 con·

107 1239 299 1320 gressionem
321 1237 495 1303 declinatur
524 1238 735 1303 aduersarius:
771 1238 961 1303 conscientia
980 1236 1100 1303 roboris
1122 1234 1230 1320 paucis

108 1341 282 1423 adquiescit
305 1341 344 1407 ad
365 1340 535 1407 latebram:
559 1341 618 1407 hoc
639 1347 688 1407 eet
710 1345 866 1409 secretum
886 1341 998 1425 eligere
1020 1340 1101 1425 quod
1124 1342 1229 1405 osten·

68 1443 192 1508 redisse
214 1442 419 1509 formidinem.
441 1445 517 1509 haec
539 1462 595 1525 ego
618 1462 678 1511 non
707 1447 866 1511 dominum
894 1463 1000 1509 meum
1030 1434 1072 1508 et¹
1090 1441 1230 1509 familiae

107 1546 236 1611 nostrae
265 1546 355 1612 iubar
376 1546 591 1631 presbyterum
613 1564 744 1631 arguens
768 1548 885 1626 scribo,
916 1548 965 1611 cui
992 1564 1049 1611 uec
1069 1545 1115 1612 ibi
1138 1545 1228 1611 credo

107 1648 350 1733 inpugnationes
372 1650 488 1728 deesse,
517 1668 591 1733 quae
614 1652 750 1733 superet,
771 1650 806 1714 in
828 1667 888 1733 quo
910 1649 973 1714 ieci
994 1649 1081 1715 niem
1104 1650 1151 1713 eet
1173 1648 1228 1713 de-

108 1752 241 1818 clinasse
264 1751 454 1818 oouiiicturn.
499 1756 575 1819 tunc
598 1754 681 1818 euim
709 1752 855 1818 uniuersa
876 1751 989 1818 saeculi
1011 1750 1228 1816 blandimenta

107 1854 259 1933 calcarit,
295 1856 417 1937 quando
450 1855 560 1921 aetatis
593 1872 687 1939 opum
723 1855 879 1921 natalium
908 1854 1131 1938 profectionem
1159 1853 1225 1918 eius

71 1986 98 2026 ιδ
107 1959 243 2023 retinere
266 1961 376 2023 catena
397 1976 457 2023 non
478 1958 590 2023 ualuit.
616 1960 670 2025 sed
693 1958 779 2023 nobie
795 1962 946 2041 quantum
962 1975 1051 2023 senus
1067 1956 1227 2034 infirmior,

107 2062 234 2125 tautum
256 2062 384 2126 debetur
406 2062 570 2144 potissima
593 2062 630 2127 de
644 2064 767 2145 palmae
782 2063 947 2145 adeptione
961 2061 1110 2128 laudatio.
1133 2078 1228 2144 prope

108 2168 158 2229 est
174 2168 211 2228 ut
226 2166 321 2229 etiam
336 2164 423 2229 iilius
446 2169 482 2229 tu
504 2166 548 2231 sis
570 2166 671 2232 tutela
685 2166 840 2248 propositi,
866 2184 945 2248 qnae
962 2166 1047 2230 mala
1061 2162 1227 2228 uiduitatis

107 2270 141 2331 et
176 2264 320 2332 orbitatis
354 2268 475 2351 patiens
508 2268 546 2333 de
579 2268 766 2334 uenerabilis
802 2270 862 2335 filii
893 2269 1014 2334 meritis
1045 2267 1151 2332 solacii
1179 2264 1228 2331 tni

108 2372 268 2435 occasione
292 2367 408 2453 pateris
431 2372 477 2437 nil
498 2372 607 2454 perire.
636 2388 707 2437 ecce
721 2374 777 2437 ubi
792 2371 911 2437 femina
925 2370 1108 2454 fraffl'iitatis
1129 2369 1229 2434 oblita

70 2498 95 2537 ac
108 2473 231 2538 castelli
253 2476 321 2539 nice
344 2476 376 2540 et
396 2476 500 2541 uirum
523 2478 556 2541 et
577 2476 722 2541 iuuenem
738 2476 777 2541 ab
794 2476 903 2541 hostili
917 2473 1140 2557 inpugnatione
1153 2471 1228 2537 eub-

106 2573 204 2641 ducit.
239 2577 331 2642 huius
354 2576 430 2643 iacti
451 2582 511 2645 dux
533 2578 666 2664 gloriosa
688 2580 836 2663 perdures
858 2580 889 2643 et
916 2594 1014 2659 usque
1036 2580 1075 2643 ed
1096 2576 1175 2641 illud
1195 2575 1231 2640 in

106 2680 229 2745 saeculo
250 2698 439 2763 perseueree,
461 2700 521 2764 quo
544 2682 645 2761 illum,
669 2682 695 2747 si
716 2682 764 2747 ita
785 2700 835 2747 ree
856 2679 1048 2764 poposcerit,
1074 2679 1139 2744 iam
1160 2696 1229 2742 ma-

106 2788 213 2849 turum
229 2786 338 2852 mundi
350 2784 443 2851 istius
460 2804 586 2870 campus
600 2786 742 2871 accipiat.
758 2785 884 2864 uellem,
901 2783 1057 2862 confiteor,
1072 2781 1100 2847 si
1115 2782 1231 2863 episto-

106 2886 183 2953 laris
204 2890 364 2971 pateretur
386 2890 595 2969 concinnatio,
624 2891 658 2955 in
679 2890 811 2977 longum
832 2890 928 2957 uerba
948 2889 1117 2972 producere
1137 2885 1229 2949 etde

71 2992 235 3057 nacturum
268 2992 442 3057 uestrorum
475 2996 663 3059 ornamentis
695 3012 795 3078 pauca
821 2994 879 3060 sub
906 2992 1053 3076 loquendi
1086 2988 1229 3055 ubertate

105 3108 242 3159 narrare.
280 3096 334 3160 sed
357 3094 433 3161 heec
455 3096 493 3162 ad
515 3098 591 3161 alios
613 3094 778 3165 scribenda
799 3098 1007 3165 reseruentur.
1033 3096 1152 3163 sufficit
1171 3112 1229 3161 uos

157 3313 362 3369 2ueuerabilis
388 3315 472 3371 MV
571 3317 747 3385 prosapiei*
847 3318 1034 3387 3lyrineneie
1059 3317 1162 3373 mo

103 3404 178 3487 dec}
189 3403 520 3489 unedLacdea'rcacorr.
619 3420 747 3475 sorbens
760 3421 788 3476 Β
876 3421 1032 3490 reliquidB
1128 3419 1229 3474 daciae

102 3502 130 3557 Β
234 3504 399 3560 seculumB
501 3504 714 3573 iuirtutifort.
818 3507 1055 3562 arreins
1157 3505 1230 3558 Soc

103 3588 200 3657 pacis?
301 3589 319 3644 9
336 3588 484 3659 adquiescit
500 3592 538 3645 B¹
556 3598 588 3647 ct
599 3592 722 3656 uidetur,
744 3591 895 3660 adquiescet
911 3592 940 3645 Β
952 3593 1045 3658 (corr.)
1064 3589 1161 3645 mo

104 3673 139 3729 10
156 3689 219 3743 engo
233 3675 258 3743 (r
270 3677 350 3742 erce.)
368 3674 395 3729 L
498 3676 604 3731 domino
622 3678 713 3733 mecb
818 3679 849 3732 11
869 3678 1047 3746 presbiterum
1061 3675 1123 3740 LV,
1141 3690 1229 3744 praee·

101 3758 261 3814 biterumB
339 3761 452 3817 cuiLe.
465 3763 481 3816 t.
563 3763 657 3818 ibeL¹
738 3762 772 3817 12
784 3762 1027 3831 inpugnationieB
1108 3761 1142 3817 lo
1151 3760 1229 3815 debet

104 3842 132 3898 L
226 3844 445 3930 depotissimaV
541 3848 573 3902 17
590 3848 678 3901 eilliue
692 3849 731 3915 (m
744 3851 827 3914 eras.)
844 3848 873 3902 Β
967 3848 1115 3904 uiduetstie
1133 3848 1162 3903 Β

104 3946 138 4003 18
154 3948 194 4003 iili
213 3951 242 4004 Β
331 3950 422 4005 solstii
434 3950 518 4007 ΜΨ
607 3952 798 4022 sspereenerie
810 3952 845 4018 Β,
862 3968 983 4022 perseuee
998 3952 1033 4007 Τ·
1123 3956 1231 4008 matura

106 4068 151 4135 7¹,
178 4072 285 4125 metuit
306 4070 508 4127 muscosos
601 4072 780 4129 idcellimB
877 4042 977 4131 condior
994 4076 1023 4131 L
1038 4075 1160 4131 iterur.

103 4154 138 4208 24
156 4156 290 4224 pateritnr
307 4157 348 4222 Β,
374 4158 529 4225 paterentur
547 4158 582 4213 Τ·
685 4160 855 4215 continuatio
877 4161 905 4217 L
1008 4162 1040 4217 de
1057 4162 1085 4217 Β
1103 4162 1162 4216 al.

102 4240 138 4295 25
154 4242 259 4295 act-um
276 4241 304 4295 L
406 4241 440 4296 26
458 4243 596 4298 scribenda
613 4243 641 4298 Β
746 4247 886 4301 seruentur
908 4246 943 4301 V·
