2992 4967
496 347 731 417 Epistularum
753 346 843 403 liber
859 347 923 403 vn.
1208 348 1269 415 187

147 556 203 603 uos
225 556 333 604 nocem
359 538 509 623 supplicis
531 540 693 622 gratanter
721 537 869 623 accipite,
896 539 934 603 ut
962 538 1015 621 qui
1043 538 1126 602 tanti
1153 536 1270 603 fascem

146 642 261 709 laborr's
283 640 419 726 adripuit
442 640 640 707 consuescat
663 640 784 706 effectu.

641 827 777 893 XVIIII.

479 961 715 1019 amaranto
741 960 935 1019 mouns,

122 1109 137 1151 o
189 1084 296 1151 Dinini
318 1085 432 1151 fauoris
455 1083 634 1151 adiumento
658 1083 884 1150 adulescentiae
906 1084 978 1149 tuae
999 1084 1179 1151 rudimenta
1194 1085 1267 1150 soli·

146 1190 275 1255 dentur:
304 1190 370 1272 ipse
393 1188 446 1253 det
468 1204 644 1253 successum
672 1187 817 1272 frugibus
846 1187 899 1270 qni
927 1188 1059 1253 eontulit
1085 1187 1269 1254 ornamenta

145 1290 318 1374 principiis,
340 1294 376 1355 ιιι
399 1290 481 1373 qnod
496 1290 529 1354 in
552 1307 627 1355 cauo
644 1289 719 1355 flore
733 1290 924 1373 praemisisti
939 1288 973 1354 in
985 1308 1149 1374 pomorum
1162 1290 1268 1354 matu·

144 1396 239 1461 ritate
260 1414 321 1461 non
344 1394 517 1461 subtrahas.
540 1396 587 1459 est
608 1394 759 1478 propositi
780 1392 880 1459 nostri
903 1393 1006 1477 prima
1022 1393 1148 1473 curatio,
1171 1398 1207 1457 ut
1230 1392 1267 1456 de

144 1496 326 1581 incipientis
353 1497 444 1565 laude
467 1495 595 1564 solliciti
618 1498 658 1562 ad
681 1497 774 1563 deum
801 1501 876 1562 uota
905 1499 1085 1575 mittamus,
1115 1501 1268 1581 quatenus

109 1601 226 1683 soquod
249 1600 282 1665 iu
303 1600 402 1667 bonas
425 1600 538 1667 indolis
562 1600 735 1666 eruditione
757 1601 992 1684 praesumptum
1008 1600 1056 1664 est
1078 1598 1115 1664 de
1134 1618 1267 1683 superna

146 1721 203 1786 ope
225 1705 421 1770 maturescat.
456 1702 510 1769 ille
532 1704 651 1789 ingenii
672 1705 809 1787 segetem
831 1704 981 1786 perducat
1003 1704 1042 1768 ad
1064 1702 1190 1787 horrea,
1213 1704 1267 1784 qui

144 1806 287 1872 ultricem
313 1806 475 1872 homiuum
503 1807 633 1873 herbam
655 1810 795 1891 eregite
822 1806 952 1890 cespite:
981 1807 1047 1889 ipse
1077 1806 1115 1871 de
1144 1810 1265 1871 terreno

144 1909 226 1974 lacto
248 1928 424 1992 expressam
446 1911 479 1975 in
502 1912 640 1977 triticum
665 1911 779 1977 formet
802 1908 953 1995 effigiem,
977 1910 1064 1973 cuius
1086 1908 1184 1974 imbre
1206 1908 1265 1973 soli

146 2012 241 2078 iacies
269 2014 420 2079 maritata
441 2013 633 2079 fecundatur.
668 2014 728 2080 tibi
750 2015 872 2097 autem,
902 2013 1021 2077 erudite
1043 2030 1137 2094 puer,
1163 2009 1261 2075 habeo

111 2116 278 2199 :cgratiam
306 2119 385 2199 quod
409 2116 553 2199 quamuis
576 2115 699 2182 dicendi
724 2116 887 2199 splendore
915 2114 1065 2181 nituisses
1092 2115 1125 2179 et
1152 2114 1186 2178 in
1208 2113 1263 2179 illa

144 2217 222 2283 mbo
243 2218 421 2284 litterarum
443 2220 573 2285 scicntia
594 2220 807 2303 adstIpulante
822 2218 968 2298 lauderis
992 2217 1053 2284 mei
1070 2236 1189 2302 quoque
1211 2220 1263 2283 do·

145 2320 263 2386 sideras
284 2322 465 2387 adiumenta
487 2322 651 2404 praeconii.
696 2322 827 2389 accessit
848 2322 907 2388 tibi
937 2321 1056 2387 fructus
1087 2319 1265 2405 diligentiae

144 2440 246 2505 meas,
275 2424 334 2488 etsi
356 2425 443 2490 nulla
465 2424 648 2490 tribuuntur
671 2424 850 2491 rusticantis
879 2427 1060 2491 ornamenta
1082 2420 1265 2489 testimonii.

145 2524 244 2591 libens
266 2527 426 2592 dictatus
448 2545 519 2595 cum
542 2525 776 2594 facundissimis
798 2525 949 2611 praedico,
973 2546 1045 2591 oum
1061 2526 1172 2611 quibus
1195 2546 1264 2591 sen-

109 2627 276 2694 sotentiam
300 2648 412 2709 meam,
435 2632 472 2695 ιιι
488 2630 640 2695 bonorum
657 2629 810 2697 ditescam
826 2630 985 2707 societate,
1008 2630 1171 2714 coniungo.
1195 2648 1266 2713 pro·

145 2732 262 2796 nimum
281 2733 339 2815 est,
355 2736 390 2797 ut
405 2750 466 2798 uon
479 2733 659 2800 dinidantur
674 2733 796 2799 meritis
813 2734 867 2818 qui
880 2733 913 2798 iu
928 2731 1067 2817 qualibet
1082 2732 1267 2798 iudicatione

146 2834 361 2899 consentiunt:
384 2854 464 2900 uuus
488 2840 544 2913 est,
567 2853 625 2901 nec
648 2837 731 2901 enim
753 2836 864 2920 procul
884 2839 1035 2921 euagatur
1057 2836 1096 2901 ab
1118 2852 1189 2899 aros
1211 2853 1263 2899 su·

144 2935 303 3015 blimium,
334 2938 387 3020 qui
409 2939 448 3003 ad
469 2937 544 3021 hoo,
568 2937 648 3021 quod
669 2938 719 3004 illi
740 2938 961 3023 pronuntiant,
988 2955 1049 3002 non
1072 2935 1188 3023 dispari
1210 2937 1266 3001 ad·

145 3040 312 3106 mIratioue
346 3042 518 3107 concordat.
563 3042 602 3106 ad
636 3044 785 3126 epistolae
814 3044 886 3109 tuae
919 3046 1026 3110 tamen
1059 3040 1265 3124 dictionisque

110 3142 239 3209 amella
266 3164 316 3208 me
345 3144 457 3212 refero:
493 3144 543 3210 cui
572 3145 617 3209 sic
639 3146 686 3210 est
714 3145 828 3213 blanda
855 3145 893 3210 de
921 3146 1076 3228 praesenti
1105 3148 1136 3209 et
1158 3144 1265 3209 tenera

144 3246 248 3311 aetate
269 3246 433 3331 praefatio,
455 3250 491 3313 ut
512 3265 572 3312 non
588 3247 792 3314 subtrahatur
808 3248 909 3314 uirtus
924 3248 1080 3331 otgerius
1095 3245 1264 3313 deintma

145 3347 286 3415 constitit
314 3350 491 3417 concenatis
511 3348 647 3417 Latiaris
669 3350 821 3429 elocutio,
851 3351 927 3417 dum
948 3368 1003 3433 per
1024 3350 1148 3416 alneum
1174 3367 1266 3414 suum

194 3552 211 3607 2
228 3552 351 3623 adripuet
367 3552 394 3607 Β
496 3553 661 3611 connniiscat
678 3553 715 3609 L*
733 3559 765 3609 ut
783 3553 896 3609 acuar

194 3654 313 3711 xvmt
330 3655 347 3710 4
359 3656 492 3726 simplicio
503 3656 555 3721 Bb,
569 3656 605 3723 cs.
617 3656 709 3726 Epist.
725 3656 771 3711 VI
774 3659 809 3712 15
892 3656 909 3711 5
921 3655 1115 3711 adolescentiae
1127 3652 1198 3709 Bru

143 3742 234 3812 bipso
252 3742 279 3799 L
365 3742 528 3813 mfrngibus
540 3741 568 3796 Β
651 3742 807 3811 9qnatinus
818 3740 872 3797 Lu
956 3742 987 3796 11
1000 3739 1158 3795 maturircat
1171 3738 1199 3793 Β

143 3827 254 3896 segitem
278 3828 306 3883 Β
408 3828 535 3898 perducat
552 3826 586 3883 ad
604 3827 698 3881 horrea
715 3826 743 3881 Β
760 3828 792 3880 ia
806 3840 863 3881 ras.
976 3824 1010 3879 12
1028 3824 1113 3895 exigit
1129 3826 1195 3893 sort.

142 3911 275 3982 cispiteB
360 3914 393 3969 lt
404 3928 570 3983 expraessam
582 3912 610 3967 Β
697 3913 729 3968 14
741 3912 899 3967 ieoondatm
913 3911 948 3966 T‘
1033 3912 1066 3966 16
1078 3911 1158 3965 mbae
1169 3909 1198 3965 Β

143 3998 175 4052 17
193 3998 309 4054 adcessit
325 3998 354 4053 13
456 3998 562 4054 iructns
579 3997 633 4052 tibi
654 3998 680 4054 Τ
780 3999 815 4053 18
835 3998 863 4051 in
881 3996 930 4051 iila
949 3998 975 4053 1·
1074 3996 1109 4052 20
1124 3996 1264 4066 bonorum}

143 4083 278 4139 beatorum
299 4084 326 4139 T
425 4083 550 4139 ditiscam
569 4083 597 4139 Β
700 4084 734 4139 22
751 4084 830 4153 unus]
848 4083 979 4138 amundus
995 4083 1075 4150 fort,
1098 4084 1134 4151 cf.
1157 4084 1266 4137 Wiener

143 4170 261 4226 Stadica
279 4170 320 4225 ΙΙ
333 4172 387 4227 256
478 4172 607 4240 surgatur
625 4170 706 4230 Sim.
801 4170 836 4225 ab
853 4167 976 4223 blandito
992 4167 1058 4234 fort.
1153 4167 1187 4223 ii
1204 4184 1265 4222 con·

143 4255 475 4327 tamtis1concumstibns
492 4255 528 4325 Β,
555 4256 757 4313 contumacibus
774 4257 791 4311 b
884 4254 1011 4324 Latiaris]
1029 4254 1128 4309 lanaria
1147 4254 1174 4311 Τ
