2992 4967
285 295 325 362 78
641 291 756 360 Magni
773 290 900 345 Felicis
919 288 1048 344 Enncdi

282 501 338 567 per
359 480 458 556 illam,
474 499 567 562 qnam
585 481 702 545 ecaelo
718 479 908 563 sumpsimus
920 481 1051 561 partem
1071 478 1186 544 animis
1198 478 1407 563 tangeremur.

284 584 374 650 index
396 602 500 648 merae
520 582 695 650 allech'onis
719 583 792 648 uota
812 585 974 666 pectorum
1001 581 1110 665 lingna
1132 581 1285 666 signorm,
1318 580 1407 646 eiad

284 685 430 752 desiderii
457 687 576 768 copiam
606 685 759 754 militaret
791 685 853 750 oris
881 684 1020 750 officium
1048 687 1082 750 et
1105 683 1264 766 penetrale
1292 685 1406 749 mentis

285 789 477 874 neumatum
504 789 662 854 teneretur
688 787 721 851 in
750 788 879 854 titteris:
909 791 985 852 tnnc
1012 787 1099 852 nullo
1126 787 1241 853 caritas
1264 787 1407 870 neglectu

285 891 499 972 uetereseenm,
523 893 598 958 tunc
613 890 776 974 diligentie
791 889 1139 958 mutuaedeninntioaie
1149 908 1212 954 neu
1226 888 1324 972 polite
1343 889 1407 954 fnl-
1429 911 1444 951 e

282 995 371 1078 geret
390 1013 448 1060 nec
471 993 581 1060 scabre
603 995 756 1059 memoria
775 993 879 1059 noemi
898 994 1025 1076 torpore
1045 993 1230 1066 laederetur.
1259 995 1313 1059 sed
1333 993 1407 1075 qnid

282 1097 396 1162 faciam
410 1098 493 1180 quod
506 1096 586 1162 milri
602 1097 786 1162 meritorum
800 1115 940 1162 meorum
961 1096 1096 1162 aeteae
1115 1095 1316 1162 serenitatem
1330 1094 1407 1162 tene

280 1201 415 1266 exemtis
427 1199 633 1266 abducentet
642 1197 833 1268 obliuionem
843 1199 907 1264 mei
922 1199 1051 1280 peccata
1066 1198 1258 1267 canmllantl
1272 1198 1407 1264 facessat

284 1304 479 1387 aproposito
510 1320 577 1368 meo
600 1301 719 1367 imitari
742 1301 822 1384 qnod
850 1301 967 1367 lactum
991 1301 1077 1367 dolen
1108 1307 1139 1368 et
1169 1321 1226 1385 per
1247 1301 1407 1367 silentium

284 1425 406 1472 sumere
421 1406 459 1470 de
475 1407 578 1471 uestra
600 1404 815 1469 taciturnitate
830 1405 1012 1470 uindictam.
1038 1405 1167 1488 geminis
1183 1423 1254 1488 ergo
1270 1403 1407 1469 stimulis
1417 1431 1445 1467 ιο

283 1510 377 1574 uerba
401 1511 546 1575 concessi.
571 1527 682 1592 negare
704 1528 766 1574 non
784 1509 871 1592 potui
895 1507 1105 1578 conmercium
1130 1506 1303 1590 epistolare,
1327 1509 1407 1590 quod

283 1615 314 1677 ct
337 1630 430 1677 causa
452 1613 592 1696 poposcit
616 1615 648 1677 et
662 1613 774 1694 gratia
799 1613 886 1677 scitis
909 1614 1025 1695 optime
1048 1629 1125 1695 quae
1147 1629 1165 1676 a
1187 1610 1276 1675 uobis
1299 1613 1331 1674 et
1351 1631 1407 1694 per

284 1733 333 1780 me
366 1717 399 1779 et
431 1733 483 1780 ore
516 1715 639 1800 proprio
674 1719 799 1780 sanctus
833 1719 922 1798 pater
952 1718 1055 1779 uester
1084 1714 1215 1779 domnus
1246 1713 1408 1797 episcopus

285 1817 473 1902 postulauit,
493 1819 543 1881 'ut
566 1835 711 1899 expensa,
741 1836 820 1901 quae
840 1834 895 1902 pro
918 1816 1152 1883 necessitatrlous
1175 1815 1281 1882 domni
1309 1835 1408 1899 papae

286 1920 448 1984 Rauennae
472 1919 555 1985 lacta
578 1921 636 1998 est,
653 1919 838 1985 redibitione
861 1921 1053 2004 pensaretur.
1077 1919 1170 1985 certis
1192 1918 1275 1984 enim
1298 1923 1443 2003 poten-1⁵

284 2023 384 2101 libna,
414 2042 545 2108 quorum
578 2021 705 2088 nomina
725 2023 830 2086 tutum
862 2040 923 2087 non
945 2023 991 2087 est
1013 2022 1128 2106 scripto
1151 2023 1282 2106 signari,
1318 2023 1406 2088 nouit

285 2125 437 2206 dominus,
462 2127 533 2210 quia
555 2125 626 2209 plus
649 2144 742 2207 quam
760 2124 1000 2210 quadringentos
1024 2126 1091 2190 auri
1113 2124 1227 2191 solidos
1250 2127 1409 2211 erogauit:

283 2228 339 2294 hos
362 2249 411 2294 me
433 2229 527 2293 fidem
551 2228 673 2293 dicente
697 2229 858 2294 concessit.
882 2229 967 2294 frons
989 2248 1058 2293 mea
1080 2229 1161 2311 apud
1184 2230 1285 2311 ipsum
1306 2229 1409 2294 libera

282 2348 346 2395 esse
371 2350 430 2397 non
446 2331 559 2412 potest,
583 2331 679 2397 donec
701 2350 757 2414 per
779 2349 844 2412 uos,
866 2331 948 2396 siout
971 2331 1100 2410 confido,
1123 2331 1307 2414 pollicitatio
1324 2351 1408 2397 eom·

282 2433 413 2516 pleatur.
448 2433 560 2498 idcirco
589 2432 686 2498 direxi
713 2431 924 2515 praesentium
951 2434 1151 2517 perlatorem,
1186 2433 1346 2500 hominem
1378 2438 1444 2499 eteu

283 2535 443 2618 religionis
467 2541 498 2601 et
513 2536 595 2616 fidei,
619 2540 654 2602 ut
677 2533 716 2600 ab
739 2536 798 2600 hac
821 2555 870 2600 me
892 2555 985 2617 quam
1006 2535 1163 2618 praelatus
1185 2555 1253 2601 sum
1270 2557 1408 2604 conuen-

283 2639 366 2705 tione
401 2642 432 2705 et
466 2640 578 2706 iniuria
605 2639 784 2704 subleuelis.
827 2641 906 2704 unde
933 2639 1129 2705 salutationis
1159 2640 1306 2706 honorem
1341 2643 1410 2707 tota

282 2741 462 2808 humilitate
484 2744 662 2825 persoluens
685 2761 760 2826 rogo
776 2761 830 2825 per
851 2741 943 2807 illum
959 2744 1143 2821 contestans,
1161 2742 1213 2825 qui
1230 2745 1410 2810 communie

283 2845 364 2908 circa
386 2847 529 2910 sanctum
559 2864 669 2929 papam
698 2848 772 2912 note
800 2845 950 2929 respexit,
984 2848 1020 2910 ut
1042 2845 1188 2911 ordinetis
1211 2846 1345 2928 qualiter
1367 2847 1408 2913 ab

281 2945 458 3011 huiusmodi
480 2949 693 3030 inquietudine
709 2947 836 3013 releuer.
860 2950 965 3012 tamen
987 2949 1014 3012 si
1029 2949 1240 3013 uerecundum
1263 2968 1330 3015 esse
1345 2969 1445 3015 nonae

335 3187 511 3242 lsurnsinuns
530 3185 614 3242 ΙιΡῑ7
707 3187 790 3241 animi
809 3187 832 3239 ei
850 3187 877 3240 Β
980 3187 1090 3243 2indix
1108 3187 1135 3241 B
1236 3204 1325 3242 maere
1343 3189 1409 3254 LV,

281 3324 351 3362 mere
368 3306 424 3360 BT
520 3308 543 3361 ei
561 3323 611 3362 om.
630 3308 658 3361 B
758 3305 775 3359 3
793 3306 898 3374 cupiam
917 3307 944 3359 B
1045 3307 1063 3360 4
1080 3277 1099 3359 a·
1105 3307 1285 3390 relsignetnm
1306 3309 1332 3362 T
1353 3281 1410 3363 a⁸re

282 3411 345 3465 acici.
363 3411 436 3464 Μ
537 3411 553 3464 5
580 3411 757 3464 deteresceret
785 3408 836 3464 ΤΒ
938 3409 1081 3478 diligentia
1104 3409 1165 3477 BP,
1201 3409 1328 3480 diligenti
1352 3413 1413 3466 ΒΤ

284 3515 324 3568 vo
428 3515 520 3567 mnae
543 3511 570 3564 Β
670 3510 779 3580 fungens
802 3509 838 3565 m
941 3499 1018 3566 enit
1036 3513 1078 3580 n,
1108 3513 1192 3567 uestri
1210 3513 1336 3569 narro

281 3617 383 3671 'lmihi
402 3617 428 3670 B
446 3633 467 3670 e.
484 3617 501 3670 l.
604 3615 810 3684 8meipeccatu
822 3631 882 3669 mea
899 3615 981 3670 Sirm.
1086 3617 1117 3669 11
1137 3619 1322 3673 commercium
1343 3619 1408 3686 BL,

280 3735 520 3792 cornmertiumT
619 3736 652 3790 12
681 3708 823 3824 propoefiit
849 3737 876 3790 B
955 3719 1032 3790 'soit
1060 3737 1083 3805 (e
1106 3753 1140 3792 eo
1163 3755 1177 3792 c
1201 3743 1282 3807 corr.)
1309 3741 1338 3794 L

281 3875 314 3929 14
340 3889 407 3942 pape
433 3873 515 3927 arv
617 3875 649 3929 rc
666 3843 785 3960 tuin,
811 3879 889 3929 tuum
908 3874 934 3928 n
1032 3875 1186 3943 scriptun
1290 3877 1323 3930 rr
1342 3893 1410 3946 qus-

280 3968 416 4063 arriana
445 3994 469 4048 ν
570 3994 670 4048 sarnus
694 3995 721 4049 n
823 3996 858 4049 no
883 3995 977 4049 isauro
1002 3995 1027 4049 n
1127 3996 1224 4082 direxit
1249 3997 1280 4063 r,
1307 3997 1409 4052 arrexit

280 4097 411 4152 BLPVb
481 4161 484 4172 Ι
515 4099 542 4151 et
568 4114 617 4154 om.
646 4098 726 4178 &aaa
830 4099 863 4153 21
886 4115 929 4153 me
952 4098 986 4154 ab
1009 4100 1059 4184 hac
1086 4101 1112 4154 Τ
1211 4101 1245 4154 24
1271 4101 1406 4170 eanetmn]

281 4218 337 4269 spm
359 4203 384 4256 T
