2992 4967
271 360 375 407 XXIIII

271 533 413 611 traditur,
448 549 580 615 quorum
602 552 639 598 cx
659 551 790 599 numero
825 531 901 598 duos
934 534 1126 617 antiquiores
1158 538 1212 619 qui
1245 538 1405 620 parabiles

212 634 241 699 R
272 637 380 711 orent,
413 635 498 700 It:
514 635 701 703 Vaticanum
734 655 782 702 nr.
805 636 870 701 630
897 654 977 702 saec.
1000 637 1047 703 XI
1079 637 1131 705 uel
1161 638 1225 705 XII
1257 642 1405 706 accurate

211 736 241 803 A
271 736 423 803 collatum
454 739 493 805 ab
527 739 565 805 A.
601 741 678 806 Mau
706 740 739 804 et
765 738 851 803 A:
867 739 1046 807 Parisinum
1073 762 1120 809 nr.
1142 742 1228 809 9629
1253 743 1307 825 (=
1322 742 1406 826 Sup-

271 843 364 925 plem.
386 842 443 908 lat.
466 842 542 925 840)
567 860 646 909 saec.
669 844 699 911 X
720 843 760 910 ab
783 843 920 909 Antonio
941 843 998 909 Ine
1019 844 1215 927 descriptum
1237 848 1272 913 in
1292 864 1405 912 recen·

271 944 366 1009 sendo
402 945 509 1011 libello
545 946 688 1025 adhibui,
733 965 794 1013 non
831 965 891 1030 quo
933 947 1007 1013 iude
1043 948 1208 1032 quicquum
1244 950 1325 1016 lucri
1362 952 1405 1016 ad

273 1051 387 1127 sordes,
419 1048 531 1131 quibus
553 1049 603 1115 bic
623 1050 750 1116 libellus
773 1050 844 1117 aliis
866 1052 968 1134 magis
989 1051 1123 1118 infectus
1145 1056 1204 1132 ost,
1236 1052 1404 1120 diluendas

273 1152 444 1217 redundare
466 1156 618 1234 putarem,
642 1154 696 1218 666
720 1158 756 1218 61
777 1153 970 1219 fraudulenti
990 1155 1025 1219 in
1044 1156 1202 1221 mutandis
1217 1159 1249 1222 et
1265 1157 1404 1240 interpo-

272 1254 377 1320 landis
391 1255 496 1321 uerbis
511 1256 684 1322 collectoris
707 1256 838 1323 consilia
860 1261 892 1322 et
913 1276 1036 1322 summa
1057 1258 1125 1325 eius
1147 1259 1279 1325 audacia
1300 1261 1334 1325 et
1355 1260 1405 1325 in·

272 1358 365 1422 661116
387 1376 467 1424 6666
489 1360 630 1443 exemplo
652 1360 845 1443 patefierent.
883 1379 920 1427 ex
941 1359 1098 1427 codicibus
1120 1364 1222 1428 multo
1243 1362 1404 1445 peioribus

272 1460 422 1527 aditiones
446 1462 654 1530 conciliorum
670 1463 869 1531 Oolonionses
891 1464 942 1549 (de
959 1465 1072 1548 quibus
1088 1464 1127 1531 cl.
1141 1466 1288 1533 Hinsobii
1301 1467 1406 1550 prael.
1488 1461 1489 1526 l

271 1584 301 1647 p.
317 1565 436 1632 LXXII
452 1570 510 1648 sq.)
533 1566 606 1631 anni
623 1566 707 1633 1530
722 1572 777 1647 (=
792 1574 837 1646 m)
859 1571 892 1632 ot
916 1568 998 1635 1538
1017 1570 1072 1653 (ε
1088 1574 1127 1650 c),
1150 1571 1239 1635 cuius
1253 1568 1405 1637 Schottus

271 1668 375 1733 uarias
398 1668 568 1752 scripturas
590 1670 622 1734 in
644 1670 787 1755 margine
809 1672 941 1751 notauit,
963 1672 1093 1738 banstae
1114 1676 1198 1737 sunt.
1230 1692 1268 1738 ex
1289 1672 1405 1740 ltadem

271 1772 361 1837 libris
382 1772 411 1838 A
433 1776 465 1837 et
487 1772 516 1837 R
538 1773 697 1839 uariantes
719 1773 890 1857 scripturas
911 1776 952 1840 ad
974 1774 1075 1859 ltpist.
1102 1776 1129 1841 V
1152 1777 1167 1837 1
1192 1780 1223 1841 61
1246 1776 1327 1841 Dict
1350 1776 1405 1841 III

271 1874 387 1957 recepi.
412 1878 519 1941 contra
541 1876 676 1957 epistula
689 1875 723 1940 ΙΙ
741 1876 791 1961 13,
815 1894 893 1959 quae
916 1896 988 1943 cum
1010 1876 1140 1960 reliquis
1155 1876 1259 1944 tribus
1273 1877 1404 1962 scriptis

272 1978 305 2041 16
328 1977 399 2043 61116
421 1978 513 2045 huius
529 1978 720 2045 collectionis
738 1978 906 2057 codicibus,
928 1981 1012 2046 utin
1027 1980 1226 2065 Sangallensi
1242 1982 1306 2048 610
1320 2000 1345 2048 s
1361 1982 1405 2061 X,

272 2080 499 2165 Bambcrgensi
527 2102 551 2147 6.
574 2082 710 2160 Χ-ΧΙ,
741 2080 921 2148 Darmstad.
946 2084 1046 2167 2113,
1078 2083 1185 2150 Golon.
1210 2084 1272 2148 114
1295 2103 1320 2150 s.
1344 2083 1405 2164 XI,

238 2262 239 2265 Ἴ
273 2183 406 2250 Vercell.
431 2186 474 2251 80
495 2204 521 2250 6.
543 2184 727 2264 VIIII-X,
757 2183 880 2251 Garnot.
904 2186 943 2251 61
969 2186 1044 2271 (bis)
1069 2205 1095 2251 6.
1119 2186 1162 2270 X,
1189 2187 1291 2254 Paris.
1315 2187 1406 2253 3852

272 2287 383 2365 6111,
416 2289 530 2354 Pistor.
559 2288 622 2367 XI,
655 2289 821 2370 Rotomag.
849 2308 873 2352 6.
897 2287 960 2366 XI,
994 2288 1094 2355 Paris.
1120 2290 1210 2355 4280
1229 2291 1291 2356 ΑΛ
1312 2310 1337 2357 6.
1360 2290 1404 2367 X,

273 2392 426 2457 Brixicnsi
448 2394 474 2457 B
497 2392 530 2456 Il
555 2392 594 2457 13
616 2410 640 2455 6.
663 2390 719 2470 XI,
751 2392 866 2456 Lucan.
890 2409 915 2457 6.
937 2391 985 2456 XI
1006 2391 1076 2456 aliie
1098 2396 1209 2473 exstat,
1241 2394 1276 2457 in
1298 2393 1406 2460 codice

272 2493 301 2556 R
322 2493 493 2560 desiderari
515 2494 649 2560 uidetur.
681 2513 717 2560 66
739 2494 835 2561 uariis
857 2494 1022 2577 scriptume
1036 2497 1192 2563 instruatu
1206 2497 1240 2561 iu
1255 2498 1406 2563 Hinschii
1488 2569 1489 2572 ,

272 2596 354 2663 libro
376 2619 405 2681 p.
427 2597 491 2663 497
514 2598 569 2663 116,
596 2595 635 2663 19
650 2616 696 2681 sq.
719 2598 889 2665 inuenitur.
1488 2601 1489 2628 1

124 2749 202 2802 om.
215 2748 254 2792 m.
316 2718 507 2802 Opusculum
529 2718 590 2799 111,
621 2735 681 2802 quo
704 2718 781 2784 Vita
810 2718 977 2802 Epiphanii
1006 2722 1161 2799 narratur,
1193 2719 1404 2785 Bollandistas
1488 2721 1489 2752 ¹

273 2842 310 2886 ex
339 2823 444 2889 666166
465 2821 664 2889 Bruxelleusi
694 2824 823 2906 66111666
854 2827 886 2887 61
915 2821 1066 2887 66666116
1095 2827 1180 2888 recte
1210 2826 1403 2901 emendasse,

272 2926 337 2991 iem
359 2944 451 3008 supra
473 2947 504 3010 p.
527 2927 577 2993 Ill
600 2927 671 2993 dixi.
694 2962 736 2974 -
760 2928 867 2992 contra
895 2925 934 2991 ab
964 2925 1153 2992 editionibus
1177 2943 1302 3009 prorsus
1324 2943 1404 3008 pen·
1488 2905 1489 2996 1

140 3050 233 3093 amr
273 3028 349 3093 dent
385 3032 439 3112 qui
480 3031 512 3094 in
549 3029 744 3113 Hymnorum
788 3028 984 3095 collectiones
1026 3029 1164 3094 Ennodii
1206 3029 1351 3095 carmina
1386 3030 1405 3093 I

144 3122 229 3164 ¹⁰·²²·
276 3132 400 3197 10-21
424 3131 634 3209 6666166661,
657 3152 714 3199 666
736 3132 853 3198 mirum
875 3135 924 3198 ost
939 3152 976 3199 ea
990 3151 1027 3198 ex
1043 3134 1229 3217 hymnorum
1245 3132 1404 3198 codicibus

274 3236 400 3301 exclusa
422 3254 499 3317 esse,
522 3236 638 3320 quippe
660 3254 738 3319 quae
761 3235 801 3300 ad
816 3236 1019 3301 ecclesiarum
1033 3254 1125 3301 usum
1148 3254 1259 3319 pamm
1280 3252 1404 3301 accom-

273 3340 402 3405 modata
423 3340 579 3405 uidentur.

117 3465 186 3507 um.
200 3464 221 3505 6
234 3466 254 3507 a.
315 3443 431 3524 Magna
463 3444 569 3507 autom
602 3443 669 3508 erat
700 3460 771 3526 6666
799 3460 835 3507 66
867 3442 997 3508 alteriue
1030 3441 1106 3507 libri
1138 3442 1290 3521 carmina,
1325 3458 1404 3524 quae

109 3536 264 3653 εζ98ξ9η9ιζο
273 3548 306 3611 16
340 3545 468 3630 syllogis
501 3544 740 3628 inscriptionum
772 3545 937 3628 leguntur,
971 3546 1002 3611 5.
1034 3545 1084 3609 19.
1115 3544 1165 3610 80.
1196 3544 1248 3611 82.
1277 3546 1329 3611 83.
1362 3545 1402 3609 81

116 3672 150 3723 pa
163 3671 256 3723 6666-
274 3668 310 3714 ex
342 3649 498 3731 lapidibus
531 3648 607 3732 16616
636 3649 668 3713 16
700 3666 751 3713 666
783 3648 936 3732 migrasse
966 3651 1000 3713 et
1033 3648 1202 3729 pristinum
1236 3647 1403 3713 uerborum

116 3740 258 3849 9ᾞ99
274 3753 470 3836 splendorem
512 3754 722 3835 maioremque
759 3754 799 3819 iis
836 3771 915 3835 quae
951 3770 1007 3834 por
1049 3752 1249 3819 librariorum
1290 3768 1403 3817 manns

273 3860 442 3939 propagata
464 3861 538 3922 6661
560 3856 779 3940 integritatem
805 3874 1013 3939 conseruasse,
1037 3856 1221 3938 praesertim
1242 3873 1314 3921 oum
1337 3855 1403 3938 661-

274 3959 417 4041 tuphium
449 3961 599 4027 Rusticus
631 3961 705 4025 115
738 3978 899 4043 superesse
931 3960 1029 4025 etiam
1063 3959 1234 4025 Mediolani
1267 3958 1402 4039 1666616-

274 4065 344 4128 tum
366 4063 400 4128 in
423 4062 534 4145 lapide,
557 4065 610 4145 qui
632 4081 715 4129 nunc
739 4064 876 4129 insertus
900 4066 983 4131 66661
1005 4061 1159 4128 Ecclesiae
1181 4061 1211 4127 S.
1234 4059 1399 4137 Francisci

273 4166 455 4232 Sirmondus
483 4166 662 4233 adfirmaret
693 4165 780 4250 (Not.
803 4186 832 4249 p.
856 4165 923 4250 88).
961 4168 1013 4249 qui
1044 4166 1104 4231 6161
1139 4182 1212 4229 eum
1242 4164 1307 4245 ipso
1341 4180 1403 4228 uon

274 4270 388 4335 uiderit
413 4272 576 4353 totumque
603 4270 807 4353 epigramma,
834 4268 866 4334 id
897 4270 980 4351 quod
1005 4269 1221 4336 Mommsenus
1247 4266 1288 4331 ad
1314 4264 1402 4349 (torp.
1488 4337 1489 4354 χ
