2992 4967
373 333 491 405 Opnse
508 335 546 391 ΙΙ.
573 334 731 389 Libellus
748 350 808 405 pro
823 336 955 405 synodo.
1164 340 1225 406 291

142 526 218 591 Post
239 525 315 592 bnee
338 525 483 591 adseritis
513 524 720 591 aduersarios·
735 542 834 609 papae
855 526 990 592 hmani
1011 528 1071 593 diei
1093 546 1153 595 non
1174 531 1229 594 de·

97 628 205 694 bnisse
239 630 291 711 qni
324 628 520 711 praedietnm
553 628 684 711 prolatis
717 627 921 713 petitionibus
950 630 1156 716 aooneabant,
1189 636 1228 699 ad

98 730 283 797 mentonis
310 730 403 795 fidem
432 720 629 815 iungentum
649 730 731 813 qnod
761 748 813 796 eos
833 733 895 796 isto
917 732 1041 799 nomine
1062 737 1229 818 praeoepta

97 835 185 917 regia
212 852 273 898 non
304 838 480 899 uocassent.
520 852 537 899 o
569 833 710 898 homines
737 833 833 899 omni‘
850 834 928 899 artis
957 836 1037 901 lima
1058 838 1229 921 conpositos

73 940 131 1004 set
143 936 275 1001 oaminie
288 936 451 1003 fabrilibus
463 940 614 1013 erooetos,
632 938 685 1018 qni
697 934 773 1023 (etl)
784 928 1058 1020 adstipulationem
1072 940 1227 1005 littorum

99 1038 254 1104 desudata
287 1040 432 1105 inuenere
466 1038 655 1105 testimonia.
694 1055 854 1118 amemus,
876 1042 1133 1116 renuentium,
1155 1060 1229 1105 sen·

97 1140 233 1209 tentinm
256 1144 393 1209 uestram
415 1147 456 1221 et,
478 1144 517 1209 nt
541 1142 639 1221 aiunt,
661 1142 695 1208 in
715 1145 818 1225 ipsam
838 1143 966 1225 petibus
987 1143 1086 1208 imus:
1112 1160 1227 1226 eogno-

97 1244 215 1309 soimue
239 1248 340 1310 errata
362 1262 442 1327 qnae
465 1245 579 1311 diuitis.
610 1244 776 1312 inimienm
790 1248 881 1311 nooet
894 1245 1013 1327 aliquis
1029 1252 1226 1312 aommntem

97 1354 130 1413 et
151 1347 272 1429 tragico
288 1348 414 1413 nomine
428 1348 568 1429 appellet
582 1348 804 1413 eontnmeliam
819 1365 883 1413 non
897 1350 1097 1414 merentem?
1116 1348 1228 1415 (lebino

59 1476 86 1516 ιο
96 1452 298 1517 subiunotam
314 1451 530 1534 quaestionem
545 1450 702 1516 rhetorioa
711 1450 811 1517 fibula
819 1448 1032 1543 momordistis
1048 1451 1226 1535 allegantes

101 1556 209 1619 “testis
231 1556 279 1619 est
294 1554 436 1620 Romana
458 1555 577 1639 ciuitas,
600 1556 627 1619 si
650 1572 759 1619 omnes
782 1551 916 1636 episoopi
941 1570 1030 1619 senes
1052 1556 1086 1619 et
1106 1554 1226 1620 debiles

97 1658 338 1724 conuenerunt.
362 1674 431 1723 eooe
451 1658 621 1723 orationem
644 1656 711 1721 ueri
734 1656 1018 1724 nornis-nitentem
1039 1660 1074 1723 et
1093 1659 1153 1740 ipsi
1168 1656 1226 1723 Oe·

96 1762 184 1843 pasto
205 1760 440 1843 praeferendam
462 1762 562 1826 nitore
585 1775 773 1825 sermonum.
804 1777 878 1842 ergo
900 1760 973 1842 qnia
994 1780 1028 1826 se
1044 1760 1148 1827 aetate
1160 1772 1226 1825 'na-

96 1866 199 1930 lentee
222 1869 253 1929 et
276 1880 404 1946 eorpore
426 1862 589 1929 inbeolllos
613 1882 678 1929 esee
707 1866 866 1941 dixerunt,
895 1865 959 1946 ipsi
981 1856 1015 1929 ee
1036 1864 1157 1948 ineptos
1178 1864 1227 1927 in·

61 1968 180 2033 reliolo
208 1984 274 2033 esse
303 1968 474 2045 testentur,
509 1964 658 2049 qnoniam
686 1967 897 2033 membrorum
926 1983 960 2033 ee
987 1964 1134 2031 dixerunt
1162 1966 1226 2031 nm

97 2069 252 2136 sustinere
287 2070 459 2153 dispendia,
494 2072 628 2135 maxime
661 2070 688 2134 si
722 2070 781 2135 hoo
811 2070 964 2153 ingerere·
989 2063 1225 2135 elementimiml

98 2174 217 2239 domini
240 2174 366 2238 enribus
390 2176 670 2255 praesumpserunt.
702 2190 758 2237 nes
780 2172 913 2253 pratis,
937 2172 979 2239 ab
999 2174 1154 2239 emersis
1175 2172 1227 2237 oei

97 2277 314 2359 eonspeotibus
342 2276 441 2358 pulsi,
473 2276 528 2341 illo
550 2278 728 2341 uestrorum
748 2291 837 2341 more
864 2292 1099 2359 oongmnam·
1112 2274 1227 2357 ubique

96 2380 257 2446 narranda
286 2379 434 2445 confundi
466 2381 498 2444 et
527 2381 610 2459 apud
637 2378 811 2461 prinoipem
838 2379 876 2445 te
905 2380 1090 2445 oolleotione
1118 2379 1226 2461 ponti·

60 2484 192 2549 sefionm
223 2482 300 2547 alios
328 2481 495 2565 protulisse
522 2498 712 2557 sermonem,
740 2480 803 2545 nisi
825 2499 902 2561 quoe
925 2480 1040 2546 aetatis
1062 2482 1227 2547 maturitas

201 2696 233 2751 12
251 2694 285 2749 ol.
305 2692 360 2751 Cic.
377 2694 455 2748 Brut.
475 2691 535 2747 242.
553 2708 579 2759 p.
596 2690 721 2749 Cluentio
739 2691 782 2747 57.

149 2894 164 2947 1
190 2888 319 2943 adnotetis
341 2889 382 2953 B,
411 2887 530 2943 adsentit
550 2888 593 2953 A,
619 2886 738 2943 absentie
760 2887 834 2953 Re,
860 2885 1014 2945 abentem
1115 2899 1227 2941 romane

95 2980 132 3041 R,
161 2989 286 3031 renuente
304 2974 339 3039 A,
369 2975 476 3029 rumeni
494 2974 524 3041 (n
540 2975 614 3029 teter
630 2972 802 3029 ueroeam
818 2973 850 3028 e‘e
866 2988 882 3027 o
899 2976 982 3039 corr.)
1000 2972 1027 3027 L
1128 2970 1228 3027 nonT

95 3068 127 3119 te
145 3078 201 3117 ree.
299 3061 315 3114 2
334 3058 505 3130 accusabant]
524 3058 588 3115 add.
606 3060 660 3113 AB
678 3064 703 3113 et
719 3075 755 3124 m,
773 3058 846 3113 eredo
864 3058 989 3113 Soltottee
1006 3058 1111 3111 Maso:
1138 3056 1227 3111 dolose

95 3149 226 3205 uidelicet
243 3148 291 3201 hoo
310 3148 419 3217 agentes
437 3160 468 3199 eo
487 3144 560 3215 qnod
576 3144 740 3201 annonarios
758 3147 946 3214 anspeotoeqne
961 3145 1176 3213 (anspeetoaqnae
1187 3144 1226 3212 R)

96 3251 164 3290 cana
181 3244 258 3302 (oona
276 3248 326 3287 om.
348 3236 386 3296 m)
404 3230 532 3287 eanonioa
548 3228 720 3299 synodalibus
737 3230 870 3285 clamante
886 3226 918 3283 in'
935 3229 1049 3284 (lammis
1067 3230 1227 3283 auctoritate

96 3320 273 3389 (anctoritate
284 3318 322 3387 R)
341 3318 463 3371 insuam
479 3316 561 3386 reoipi
579 3317 776 3371 accusationem
793 3316 929 3386 episcopos
948 3315 1059 3369 minime
1076 3315 1227 3384 oportuisse

95 3420 211 3461 uosuon
230 3404 355 3458 latuisset
457 3402 651 3457 3assertiones
670 3402 728 3457 Rm
831 3400 970 3472 poeptaT
1070 3400 1226 3453 4notassot

95 3493 124 3549 R
220 3488 279 3544 bL
333 3484 336 3496 '
374 3484 543 3543 5diotorum
561 3488 597 3555 Β,
622 3486 761 3543 doetornm
779 3483 996 3543 ALPRTme
1098 3484 1224 3538 ineram

95 3573 125 3631 R
228 3576 245 3629 9
268 3572 383 3644 appellet
406 3589 434 3640 e,
464 3572 576 3643 appellit
602 3570 731 3637 BLTV¹‚
758 3573 863 3642 repellit
880 3570 947 3626 PV²
965 3575 996 3639 (s.
1016 3570 1043 3638 l.)
1063 3570 1092 3634 b,
1118 3570 1224 3639 repellit

96 3662 211 3732 adpellit
227 3660 290 3727 AR,
317 3658 425 3729 repellit
437 3659 557 3729 appellat
575 3676 600 3713 m
687 3658 721 3712 10
739 3659 903 3727 questionem
920 3656 1005 3712 Atro
1090 3655 1225 3710 rethorioa

95 3747 153 3803 ΒΤ
252 3744 338 3800 flbnle
362 3744 492 3810 BLW,
522 3744 754 3815 argumentatione
775 3742 811 3798 pr
836 3748 866 3809 (e.
884 3744 926 3810 1.),
955 3742 1038 3797 fibula
1060 3743 1078 3795 1.
1102 3758 1124 3795 e.
1147 3756 1225 3810 ergn-

96 3833 262 3887 mentatione
283 3834 334 3898 To,
361 3832 596 3901 argumentatione
619 3828 703 3885 ssbnla
724 3829 812 3885 ARoa
914 3828 1056 3898 allegando
1073 3827 1226 3893 Bam,

95 3918 219 3974 addendo
245 3915 312 3973 RV*
334 3918 364 3984 (e.
384 3918 412 3984 t.)
435 3930 461 3981 e,
499 3917 619 3972 addendo
646 3916 788 3985 allegando
813 3916 872 3971 Am
982 3916 1017 3969 lt
1044 3916 1115 3969 neris
1141 3914 1157 3967 b

97 4006 215 4073 espaneio
238 4006 262 4071 (ι
286 4000 371 4069 eree.)
396 4002 423 4057 L
528 4002 560 4059 13
587 4017 732 4057 sermonem
758 4000 819 4055 Rea
919 3999 993 4069 qnia]
1021 4000 1068 4069 qui
1096 4000 1158 4056 Rea·

98 4090 132 4144 14
149 4089 287 4145 inbioelloe
305 4088 346 4154 Β,
377 4088 526 4143 imbeellles
543 4088 624 4143 Pbee
737 4088 773 4142 15
787 4102 845 4141 osse
861 4085 1008 4142 indieiol'
1117 4086 1148 4141 li
1168 4084 1225 4139 (bel

97 4177 146 4245 (il
164 4178 244 4242 eree.)
263 4176 290 4229 L
397 4174 430 4227 la
447 4174 557 4229 illorum
575 4174 634 4229 Rm
737 4186 909 4241 oonpreeeum
926 4172 953 4225 A
1057 4172 1093 4226 20
1108 4171 1162 4225 nisi
1179 4172 1225 4234 (iet

95 4264 128 4315 ie
144 4268 209 4329 rae.)
234 4261 260 4313 V

1068 4360 1124 4415 19·
