2992 4967
1151 368 1212 414 [ixl

126 536 225 603 Multo
254 536 359 603 minus
389 536 485 603 etiam
513 536 699 620 archetypus
730 537 863 621 singulis
885 537 1014 603 uocibus
1036 537 1208 620 explicandi
1218 554 1326 597 rmore
1351 557 1375 597 u

85 640 185 721 gratia
205 638 336 705 adiectis
359 639 563 724 interpolatus
586 640 647 706 luit
670 644 764 724 atque
782 659 861 723 qnae
883 641 975 706 huius
989 645 1113 726 generis
1131 642 1210 708 mihi
1228 623 1368 743 lgm}

84 744 166 808 rocta
181 742 362 809 obseruasse
378 744 515 822 uidebar,
540 745 615 810 dnm
630 746 745 810 iterum
761 746 938 828 iterumque
953 763 1075 810 mecum
1090 746 1211 829 reputo,

83 846 251 911 retractare
274 864 381 927 cogor,
413 848 450 911 nt
476 847 528 928 24,
554 847 595 911 14
616 847 707 913 uenit
728 847 772 911 ud
793 866 852 911 aas
873 868 956 911 coac
978 847 1120 931 dmitos
1141 867 1212 913 sera

84 947 135 1013 sed
163 946 276 1028 debito,
311 948 367 1013 nbi
396 966 487 1015 noces
515 968 601 1015 caea
628 952 759 1015 atsere
786 949 871 1015 iuxta
900 969 934 1015 so
961 952 1080 1033 positae
1108 952 1212 1017 locum

85 1052 245 1117 defendere
267 1054 412 1134 possunt,
442 1072 512 1117 cnm
536 1070 613 1119 cana
635 1052 775 1137 dignitas
797 1072 835 1119 ea
856 1055 980 1119 dicatur
1002 1073 1062 1138 qna
1084 1054 1212 1137 agapiti

85 1152 215 1220 maiores
237 1173 291 1237 per
313 1156 407 1239 longa
428 1158 570 1239 tempora
592 1156 691 1221 iuncti
711 1157 787 1233 sint,
810 1159 904 1239 atque
919 1158 1020 1223 altero
1034 1159 1102 1223 loco
1124 1157 1213 1240 61,2

84 1258 223 1340 quotieas
244 1259 408 1325 scribcadc
429 1264 476 1325 est
505 1259 621 1341 inseite
643 1260 753 1325 caruis
775 1263 861 1325 terro
889 1261 1075 1340 menbra,
1099 1259 1155 1325 nbi
1178 1261 1212 1325 in

84 1362 218 1444 epitheto
240 1362 357 1445 inseiis
374 1362 468 1444 haesi,
491 1363 621 1443 lottecar
635 1363 738 1429 deleto
756 1363 912 1429 adiectiuo
927 1365 1037 1429 corais
1053 1382 1212 1429 common·

84 1466 169 1548 dans,
193 1468 360 1549 praeeunte
383 1484 470 1533 sacra
491 1468 647 1549 scriptura
669 1465 752 1531 illud
773 1465 933 1549 epitheton
955 1466 1091 1549 scriptor
1115 1484 1211 1549 appo-

84 1569 152 1635 snit.
191 1571 291 1636 esebi
313 1569 409 1654 igitur
431 1590 511 1637 unns
533 1569 630 1645 locus,
653 1588 746 1653 quem
761 1569 802 1634 ab
824 1569 1045 1651 interpolatore
1060 1569 1211 1634 attrecta·

85 1676 152 1737 tum
174 1691 243 1739 osse
266 1675 298 1738 et
321 1676 420 1737 mairo
443 1677 476 1738 et
499 1672 639 1739 codicum
667 1672 831 1755 scripturis
853 1674 997 1757 arguitur
1019 1674 1043 1737 o
1065 1673 1134 1751 14,
1157 1673 1211 1753 43,

85 1774 138 1839 ubi
162 1776 267 1841 Vanus
298 1779 381 1843 nuda
410 1777 613 1843 describitur:
648 1776 807 1843 deeidam
835 1776 983 1842 memore
1010 1776 1088 1841 droa
1120 1779 1214 1859 ceput

87 1880 236 1945 ambiam
261 1880 378 1945 Altera
409 1880 466 1947 iaec
496 1887 549 1946 cst.
589 1881 683 1947 codex
712 1880 739 1944 B
768 1880 845 1945 dam
877 1883 972 1963 erepat
1004 1880 1146 1953 exhibet,
1180 1880 1214 1943 in

88 1981 252 2067 archetypo
276 1984 407 2050 alterius
426 1985 565 2051 familiae
583 2004 678 2067 snpra
699 1984 776 2051 haec
790 1984 888 2050 uerba
909 1984 1040 2068 ebipees
1060 1983 1213 2065 scriptum

89 2090 161 2163 erat,
187 2104 248 2168 quo
272 2088 377 2152 uersui
399 2088 595 2155 satisfactum
619 2092 675 2165 est,
698 2088 834 2154 orationi
856 2106 917 2154 non
934 2088 1022 2153 item.
1054 2105 1127 2151 nam
1141 2085 1212 2150 cbi-

87 2206 151 2269 yere
179 2190 333 2255 amictum
363 2192 500 2257 insolens
524 2192 618 2257 dictio
641 2194 698 2256 eat.
723 2210 817 2274 qnare
840 2196 972 2273 utraque
995 2191 1150 2273 scriptura
1171 2189 1212 2253 ad

89 2294 304 2375 explicandam
325 2296 494 2378 genuinam
516 2314 624 2361 nocem
652 2297 761 2363 addita
782 2314 850 2361 csse
871 2296 998 2361 uidetur
1019 2292 1215 2359 llnnodium-

87 2412 143 2476 que
170 2397 343 2477 cepdaedc
370 2399 421 2463 nel
448 2400 551 2465 simile
580 2400 669 2482 quid,
699 2400 752 2464 oui
772 2400 829 2464 illa
850 2398 1128 2482 interpretamenta
1148 2414 1215 2461 ser·

87 2499 150 2564 nire
172 2502 342 2585 potuerint,
366 2502 486 2567 dedisse
507 2502 695 2585 putauerim.

128 2619 300 2687 vocabulis
328 2622 520 2705 syllabarum
543 2622 713 2689 adiectione
740 2623 792 2686 nel
814 2621 980 2687 omissione
1001 2622 1156 2704 corruptis
1179 2638 1215 2684 ca
1246 2639 1355 2683 roenna

88 2726 156 2805 apte
178 2722 307 2807 adiungi
330 2726 467 2807 possunt,
497 2744 576 2809 quae
605 2729 742 2790 totarum
771 2723 963 2808 syllabarum
984 2723 1215 2807 permutatione
1224 2708 1382 2828 fflffi,

89 2823 258 2907 deprauata
285 2830 368 2906 sunt,
397 2829 508 2911 quippe
537 2848 616 2911 qnae
643 2846 679 2893 en
703 2828 821 2893 eisdem
843 2826 944 2891 causis
966 2827 1133 2908 repetenda
1156 2829 1248 2905 estu
1264 2845 1381 2897 caeam

88 2928 151 2993 sine
174 2930 296 2995 errandi
319 2930 420 3014 prima
440 2931 527 3015 origo
549 2932 583 2996 in
604 2932 733 2997 obscure
759 2930 921 3013 archetypi
942 2930 1095 3011 scriptura
1117 2930 1215 3012 sylla·
1250 2915 1358 2965 ΜΝ

89 3032 258 3115 harumque
281 3036 446 3101 omissione
469 3035 534 3100 sinc
555 3036 588 3100 in
612 3035 778 3100 uerborum
792 3034 1000 3099 similitudine
1020 3033 1122 3115 posita
1144 3032 1216 3097 init.

90 3154 160 3201 nam
172 3138 338 3203 accedente
350 3139 495 3221 pleraque
503 3139 718 3204 emendatione
727 3142 873 3219 corrupta
880 3137 1043 3220 magisque
1056 3156 1074 3200 a
1086 3135 1219 3217 pristina

91 3256 144 3303 sua
164 3242 267 3305 forma
289 3242 411 3306 detorta
433 3260 500 3307 esse
522 3246 659 3325 apparot.
700 3241 779 3305 uitio
808 3242 864 3306 tali
887 3240 920 3303 hi
943 3242 1003 3305 loci
1026 3239 1130 3304 affecti
1153 3256 1218 3302 esso

91 3344 249 3409 uidentur:
274 3346 304 3422 3,
330 3344 345 3407 1
370 3364 460 3425 quem
482 3346 601 3409 cimbis
624 3344 762 3411 calcitres
778 3344 897 3424 pernix
911 3344 1068 3406 insecutor
1083 3341 1217 3421 ederpes

95 3448 259 3529 (odiucpes
275 3445 388 3528 BLV),
413 3466 490 3529 qnae
505 3449 680 3513 coniectura
695 3446 876 3531 Symmachi
892 3447 980 3530 epist.
998 3446 1123 3509 111120
1144 3461 1218 3507 con·

92 3548 247 3615 firmatur:
271 3550 542 3632 eloquentissimus
565 3550 693 3615 terrenis
710 3550 870 3631 proximis
890 3548 1063 3631 facundiae
1080 3545 1219 3610 calecas

91 3658 178 3735 serpet
188 3657 355 3734 parentem
372 3654 424 3736 (ct.
436 3653 467 3718 Π
479 3654 523 3734 3).
537 3690 579 3701 -
591 3653 642 3730 23,
655 3653 696 3717 21
709 3653 763 3716 sed
777 3670 901 3733 quaero,
917 3671 956 3714 rte
969 3652 1050 3732 forie
1062 3648 1220 3731 metipso·

94 3776 162 3819 rem
184 3758 345 3838 quispiam
366 3752 511 3821 auarum
538 3755 671 3835 floribus
700 3755 852 3838 (fectitas
866 3754 968 3835 codd.)
991 3753 1221 3834 coetpeteleam

94 3860 215 3925 calmet
246 3862 358 3925 rosetis
389 3857 558 3926 demiserit.
595 3860 634 3925 cf.
662 3860 753 3942 Verg.
783 3859 848 3923 Ecl.
873 3856 969 3923 1158
999 3860 1030 3920 et
1052 3855 1098 3921 St.
1124 3856 1160 3920 V.
1187 3854 1219 3917 11

95 3964 164 4028 241.
186 4000 230 4013 -
251 3965 302 4043 39,
328 3967 365 4029 ll
397 3964 546 4044 specialis
566 3963 658 4027 mali
684 3980 815 4043 pressos
836 3959 969 4046 (albere.
1001 3960 1034 4023 in
1060 3958 1219 4024 codicibus

95 4070 141 4129 est
170 4086 250 4144 occec,
281 4086 316 4131 er
345 4086 420 4131 aere
442 4069 549 4150 opinor
577 4068 768 4148 corruptum.
803 4064 844 4129 cf.
874 4062 918 4128 St.
945 4063 981 4125 V.
1007 4061 1056 4125 ΙΙΙ
1081 4061 1153 4126 138.
1178 4094 1221 4105 -·

95 4166 144 4247 99,
170 4169 209 4235 14
226 4190 323 4253 perpe
343 4174 412 4253 (ape
427 4170 540 4255 codd),
564 4170 654 4233 electe
676 4169 738 4245 dei,
757 4186 821 4249 pro
841 4186 891 4230 me
912 4164 1027 4229 bamili
1048 4162 1131 4245 qood
1152 4181 1221 4225 coc-

91 4271 180 4352 pisce.
196 4310 237 4321 -
255 4274 326 4355 130,
351 4274 394 4339 20
410 4276 582 4355 postquam
598 4270 790 4337 uenerabilis
811 4269 944 4334 iamdicta
964 4268 1101 4351 (iudicia
1115 4260 1220 4345 codd.)
