2992 4967
298 334 361 404 378
653 330 770 401 Magni
786 330 914 386 Felicis
931 331 1066 386 linuodi

295 524 445 609 pontifex,
470 525 525 590 tua
546 522 618 607 plus
641 521 708 607 egit
730 520 883 599 absentia,
904 524 1058 605 quantum
1073 520 1244 605 imperauit
1258 520 1423 589 humilitas

298 627 504 712 deprehensa,
527 624 635 691 dicent
650 624 706 697 illi.
731 640 808 707 quos
830 624 868 689 de
890 624 1031 690 exulibus
1054 623 1224 691 ditissimos
1246 624 1424 692 reddidisti

295 730 394 813 igitur
414 729 533 809 omnia,
563 746 642 811 quae
669 746 688 794 a
709 726 853 810 piissimo
881 745 954 809 rego
974 745 1030 810 pro
1050 727 1175 793 misens
1197 745 1252 811 per
1273 727 1423 813 paginam

296 832 387 915 petiit
407 831 573 917 singularis
594 830 741 910 antistes,
767 830 985 899 incunctanter
1006 830 1155 898 obtinuit.
1183 848 1311 897 uranus
1334 849 1425 914 prae·

295 936 379 1001 stitit
394 935 515 1020 copiam
534 935 733 1019 supplicanti,
758 934 809 1001 cui
831 952 887 1018 pro
911 936 1150 1019 conpensatione
1167 934 1284 1001 laboris
1301 934 1353 1000 sui
1368 935 1451 1001 noos

297 1037 482 1105 credebatur
508 1056 597 1121 posse
625 1036 783 1117 ruffinam,
820 1037 969 1123 quioquid
997 1057 1053 1123 per
1080 1038 1175 1104 illum
1202 1036 1349 1105 beneficii
1378 1057 1426 1105 re·

198 1154 200 1157 ’
296 1143 441 1227 demptus
464 1144 496 1208 et
516 1159 635 1226 pauper
657 1139 824 1224 acciperat

338 1260 509 1347 Postquam
538 1265 645 1327 temen
670 1278 776 1327 omnes
798 1259 852 1344 qui
874 1260 1013 1325 reuocati
1035 1259 1161 1325 merant
1182 1258 1311 1324 indultu
1333 1276 1425 1341 prae·

295 1364 414 1432 ferendi
435 1365 583 1448 principis
605 1364 672 1430 iure
694 1380 751 1429 suc
766 1361 872 1428 donati
887 1365 970 1440 sunt,
993 1362 1192 1445 perfunctam
1206 1361 1424 1429 molestiarum

295 1488 422 1536 suerum
452 1471 567 1537 molem
593 1466 788 1535 admirabilis
815 1468 962 1534 censebat
982 1468 1159 1554 episcopus,
1195 1485 1268 1533 oum
1288 1467 1456 1534 neodnmn

296 1573 417 1639 biennio
441 1576 546 1639 exacto
569 1590 588 1636 a
609 1570 797 1637 deliberatae
825 1570 941 1654 quietis
963 1570 1084 1655 gremio
1105 1576 1267 1654 tamquam
1290 1588 1312 1635 a
1333 1576 1425 1653 portu

296 1676 408 1743 oumba
434 1673 504 1741 aliis
531 1674 632 1740 inlate
659 1675 844 1758 tempestate
872 1673 1066 1756 propellitur.
1104 1690 1178 1739 nam
1207 1672 1343 1739 infirmis
1371 1674 1423 1739 Iri·

295 1797 410 1865 garum
432 1782 467 1843 et
486 1776 665 1845 labantibus
693 1777 830 1843 humens
858 1776 913 1844 uix
941 1777 1067 1843 ferenda
1089 1777 1280 1844 tributorum
1303 1780 1424 1845 saraim

296 1883 512 1948 muniebatur.
546 1898 651 1947 rursus
673 1882 712 1947 ad
734 1884 783 1963 te,
805 1880 1003 1947 addictorum
1024 1880 1213 1959 consolator,
1237 1882 1423 1948 adcurritur.

296 1986 420 2051 doceres
442 1984 559 2049 trustra
581 1984 753 2051 reddidisse
775 1984 895 2068 patriae
922 1983 1026 2063 ciues,
1055 1986 1083 2049 si
1105 1984 1171 2051 illis
1193 1983 1226 2050 in
1247 1986 1316 2051 solo
1338 1984 1453 2050 animas

296 2085 545 2171 periclitantibus
568 2103 629 2152 non
643 2088 775 2153 adesses
803 2093 836 2153 et
851 2090 924 2171 quia
937 2091 1020 2172 apud
1034 2089 1067 2154 te
1080 2107 1254 2174 numquam
1268 2088 1424 2174 ungena

297 2195 344 2258 est
366 2192 420 2275 qui
441 2190 575 2276 rogauit,
599 2191 766 2274 suscepisti
789 2208 895 2258 musas
916 2190 1089 2258 infelicium
1112 2193 1145 2258 et
1165 2197 1198 2258 te
1218 2193 1364 2277 protinus
1385 2195 1423 2259 ad

295 2295 433 2362 recidiua
454 2312 546 2360 onera
568 2293 767 2377 praeparasti.
805 2294 988 2360 Rauennam
1013 2314 1069 2379 pro
1090 2294 1181 2363 nobis
1202 2312 1311 2378 regem
1332 2313 1424 2377 roga-

295 2403 385 2467 turum
407 2397 559 2477 excurris,
590 2415 699 2480 quam,
723 2414 762 2462 ne
782 2400 815 2462 te
838 2396 884 2462 ibi
906 2398 1072 2481 quisquam
1094 2397 1166 2480 post
1187 2396 1354 2465 Gallicana
1376 2397 1424 2462 in·

296 2503 398 2587 signia
419 2502 573 2583 undaret,
598 2500 758 2585 effugeras.
790 2500 893 2567 minas
925 2501 1005 2567 caeli
1024 2502 1290 2585 procellarumque
1313 2501 1454 2569 dison-e

296 2606 390 2686 mina,
415 2604 516 2671 adhuc
537 2606 624 2687 quasi
647 2605 716 2670 aeui
738 2604 861 2690 integer
881 2606 939 2671 aut
959 2605 1100 2671 ualentia
1113 2604 1250 2690 corporis
1266 2605 1424 2686 munitus,

296 2724 453 2791 exuperas.
491 2724 661 2791 numquam
694 2706 755 2772 tibi
784 2706 825 2773 ad
851 2706 990 2774 officium
1018 2710 1192 2774 animorum
1219 2726 1254 2773 se
1281 2706 1427 2773 membra

296 2812 439 2895 quemuis
461 2807 599 2875 innadda
614 2808 839 2875 subduxerunt:
862 2808 973 2892 frigus,
997 2810 1133 2893 pluuias,
1154 2810 1270 2887 Padus,
1291 2809 1425 2886 ieiunia,

295 2914 470 2995 nauigatio,
505 2912 693 2995 periculum,
725 2911 881 2994 torribus,
913 2911 980 2978 sine
1011 2914 1097 2978 teoto
1130 2911 1249 2978 mansio
1283 2911 1318 2977 in
1346 2910 1425 2993 ripis

295 3015 450 3095 fluminis,
480 3014 591 3080 incerti
619 3032 716 3097 paene
738 3016 805 3081 sine
826 3014 912 3103 terra
931 3016 1055 3097 portus,
1084 3014 1199 3081 uirtuti
1220 3018 1294 3080 tuae
1316 3013 1455 3080 dulciss

296 3118 424 3184 fuerunt
445 3120 477 3185 et
499 3121 590 3205 grata
618 3118 783 3182 comessuri.
820 3118 1026 3184 contristatus
1048 3122 1095 3184 est
1117 3118 1155 3185 de
1176 3116 1352 3201 praesentia
1374 3116 1426 3182 tui

330 3323 345 3375 1
364 3321 513 3375 absentiam
531 3321 558 3375 Β
661 3321 819 3389 impetrauit
843 3318 916 3377 Boll.
1020 3321 1037 3376 2
1060 3321 1208 3376 reddedisti
1232 3322 1259 3377 B
1362 3321 1425 3391 3⁸]

296 3407 373 3493 aeB
476 3406 593 3460 misseris
610 3406 637 3461 B
738 3407 757 3461 4
780 3406 890 3461 andans
911 3406 939 3461 Β
1041 3409 1057 3461 5
1083 3408 1188 3479 cupiam
1205 3408 1245 3463 B¹
1347 3408 1366 3462 6
1383 3424 1425 3461 re·

295 3508 448 3595 dsmpt‘pris
469 3510 493 3562 Τ
587 3510 618 3563 11
636 3508 804 3595 deliberante
825 3512 851 3567 Τ
934 3510 959 3581 a]
978 3526 993 3565 o
1013 3511 1055 3578 Β,
1082 3512 1180 3567 eBoll
1276 3511 1308 3568 12
1326 3512 1424 3580 amba

295 3611 380 3668 LTV
462 3610 524 3666 aliis
536 3611 648 3667 maced
662 3611 797 3680 Sububus,
815 3611 898 3667 altius
908 3612 974 3681 sort
1062 3612 1095 3667 ld
1106 3613 1205 3667 umeris
1217 3613 1244 3668 B
1329 3614 1365 3669 15
1375 3613 1424 3667 do·

294 3731 631 3800 cernennentes.
731 3731 892 3819 enormes
908 3731 939 3797 u,
956 3696 1154 3819 polluens
1250 3732 1375 3787 nne-e.
1388 3738 1423 3789 19

294 3834 410 3889 excurris
430 3836 455 3888 Τ
469 3834 527 3890 clia
539 3850 639 3889 moces
649 3836 786 3905 multoque
795 3836 917 3904 proauus
928 3835 1057 3890 mercat
1155 3834 1189 3889 16
1207 3834 1307 3889 messis
1324 3834 1353 3889 Β

295 3935 432 3990 nunquam
443 3920 470 3975 Β
552 3922 584 3976 18
596 3922 742 3992 preparasti
756 3920 783 3975 Β
865 3922 898 3975 19
908 3936 1028 3976 arcumen
1041 3919 1069 3975 Β
1149 3920 1313 3992 gallicanam
1324 3920 1353 3975 Β

294 4006 329 4061 20
354 4005 474 4061 laudaret
501 4004 528 4060 Β
630 4006 760 4076 effugeres
780 4004 818 4061 V¹
920 4006 953 4060 21
978 4006 1078 4076 integri
1104 4006 1129 4061 T
1229 4006 1264 4060 211
1281 4020 1421 4075 emuperas

295 4090 377 4145 ΜΨ
478 4092 589 4146 menbra
606 4092 646 4145 B¹
663 4098 697 4147 eet
713 4090 827 4147 uiuidus
929 4092 965 4146 24
987 4092 1105 4161 pericula
1122 4091 1273 4147 tonitruum
1291 4090 1422 4147 macc

295 4182 320 4232 et
339 4176 410 4231 Bou.
514 4176 682 4234 lectorium.
785 4177 820 4232 25
837 4178 931 4247 partus
948 4177 976 4232 L
1077 4179 1112 4233 26
1129 4192 1182 4233 nou
1200 4177 1330 4233 tristatus
1347 4178 1419 4234 corsi.

295 4262 428 4331 Sobottm,
452 4260 602 4318 consolatus
620 4264 679 4318 cod.
697 4265 758 4322 Vct.
771 4262 893 4320 Bcroair‘
977 4264 1110 4333 presentie
1127 4263 1155 4318 Β
1240 4266 1289 4318 tua
1307 4263 1335 4319 Τ
