2992 4967
276 296 337 363 126
631 289 746 361 Magni
764 287 893 345 Felicis
910 286 1041 343 Enuodi

275 485 314 550 de
336 480 529 551 abiuratioue
550 478 681 547 fastidii.
705 479 811 545 nostro
826 480 910 545 euim
932 478 1010 543 uitio
1032 480 1065 544 iu
1079 474 1217 543 eulmine
1238 472 1404 541 constituti

275 585 434 669 supercilii
456 584 639 651 memoriam
661 602 723 649 uon
743 582 907 663 amittunt,
930 580 958 646 si
977 580 1058 647 illud
1072 580 1152 649 mali
1165 598 1265 665 genus
1287 578 1403 645 sectari

275 693 307 754 et
336 687 470 755 humiles
504 687 710 771 suspicentur.
745 705 818 752 oum
851 685 935 750 euim
968 684 1233 751 eminentissimos
1266 681 1403 749 adtollat

274 790 438 874 castigatio
462 809 518 857 sua
540 791 573 855 ot
594 788 746 855 honorum
761 788 923 872 plenitudo
944 787 1151 853 saecularium
1165 786 1224 854 hoc
1238 786 1307 854 solo
1324 784 1402 869 arti·

273 894 342 960 ticio
357 895 494 978 patietur
516 897 695 976 augmenta,
718 893 976 959 considerandum
991 893 1041 957 est
1061 889 1136 974 quid
1159 889 1289 957 abiectis
1304 888 1435 954 deni-⁵

274 998 372 1063 menti
393 998 496 1080 pariat
519 998 621 1063 status
644 995 789 1081 augustis
811 1015 872 1061 non
894 994 1006 1061 metiti.
1029 1011 1103 1077 ergo
1125 991 1262 1059 sufficiat
1276 990 1401 1075 magni·

273 1100 374 1167 tudini
390 1104 522 1180 uestrae,
548 1098 626 1183 quod
650 1101 723 1183 post
738 1097 897 1183 duplicem
918 1097 1118 1181 scriptionem
1139 1095 1240 1161 seutio
1255 1093 1331 1179 quid
1347 1111 1402 1177 per

274 1201 435 1269 silentium
458 1203 568 1269 erroris
589 1202 785 1269 incurrerim.
807 1202 862 1268 sed
883 1201 978 1267 timui
992 1200 1149 1278 confiteor,
1172 1218 1211 1265 ne
1227 1199 1267 1263 ad
1283 1197 1402 1263 uitium

272 1323 322 1371 me
345 1306 470 1373 duceret
506 1305 581 1389 iugo
603 1304 767 1389 culparum
799 1306 831 1369 et
851 1308 960 1387 {sermo
981 1303 1149 1387 deputatus
1182 1300 1223 1367 ad
1251 1302 1400 1386 gratiam,

273 1408 348 1477 dum
370 1408 458 1475 nulla
476 1408 609 1493 peritiae
631 1409 707 1475 lima
729 1411 914 1492 comeretur,
937 1407 1092 1473 inueniret
1114 1404 1274 1472 offensam.
1298 1402 1402 1487 refugi
1410 1421 1434 1462 ro

271 1510 448 1592 horrorem,
480 1512 534 1593 qui
561 1514 678 1596 ignaris
706 1515 744 1578 de
771 1511 900 1595 parendi
927 1510 1088 1577 occasione
1116 1510 1292 1593 generatur.
1332 1524 1401 1572 ecoe

272 1613 387 1681 usserm
408 1615 555 1683 habuisse
578 1635 629 1682 me
652 1616 684 1681 et
706 1614 845 1681 animam
868 1613 1046 1697 depositum
1068 1610 1244 1677 confitentis
1267 1614 1300 1674 et
1321 1611 1401 1677 bens

273 1718 310 1783 de
332 1718 452 1784 uiribus
475 1718 591 1785 conscii
618 1719 652 1783 iu
672 1717 871 1783 restitutione
892 1713 1123 1783 uerecundiam.
1152 1713 1252 1779 restat
1280 1716 1398 1791 autem,

272 1819 520 1887 emendatissimi
547 1822 724 1897 homiuum,
761 1823 791 1885 ot
823 1819 903 1885 illud
931 1819 1053 1901 plaeere
1080 1816 1169 1883 uobis
1199 1815 1400 1901 allegationis

271 1939 358 1987 meae
380 1924 572 2005 inspectione
594 1940 788 2006 cognoscam,
810 1922 893 2006 quod
914 1922 1067 1988 hsounus
1095 1920 1221 2002 accepta
1241 1936 1303 1985 non
1326 1918 1434 1984 red-rs

272 2024 347 2091 diti.
370 2025 432 2091 fida
455 2026 540 2093 enim
563 2027 654 2092 iudex
676 2026 725 2093 est
745 2024 964 2111 possibilitatis
987 2028 1112 2091 nostrae
1134 2022 1343 2089 consideratio
1366 2022 1400 2088 et

271 2127 354 2198 sicut
375 2128 409 2193 in
434 2129 578 2195 omuibus
600 2129 776 2213 praecipuo,
799 2128 846 2193 ita
867 2127 984 2194 tomam
1000 2128 1143 2194 muuieus
1166 2127 1250 2193 eirca
1270 2126 1400 2210 liuguae

270 2233 402 2297 maciem
425 2234 588 2310 custodita,
612 2233 694 2315 quia,
719 2232 874 2299 mutescit
896 2232 1110 2313 eloquentium
1125 2229 1179 2294 dos
1200 2228 1327 2312 pudore,
1351 2228 1400 2293 t·

271 2334 330 2401 oile
352 2333 534 2419 prudentiae
558 2352 671 2401 nomeu
694 2334 886 2419 adipiscitur,
909 2352 983 2401 oum
996 2352 1052 2418 per
1073 2334 1178 2416 ipsum
1201 2333 1399 2413 conticescat,

270 2437 413 2503 insontia
437 2455 547 2503 causeo
569 2442 685 2518 tamen,
708 2457 803 2521 quom
824 2438 1013 2517 iniunxistis,
1035 2436 1187 2501 iacturam
1208 2435 1323 2501 frontis
1346 2455 1435 2501 er-so

270 2536 362 2605 hibeo
387 2543 418 2606 et
441 2540 518 2604 dum
540 2542 692 2624 imperatu
713 2559 870 2623 exsequor,
893 2539 1071 2622 opinionem
1093 2540 1133 2604 ad
1154 2540 1272 2604 incerta
1294 2539 1401 2604 truns-

269 2642 372 2709 mitto.
396 2642 552 2727 Agroetius
568 2646 605 2710 de
627 2643 707 2709 casis
729 2661 784 2725 par
806 2645 908 2709 uorias
922 2641 1164 2724 promissionum
1178 2638 1260 2706 mihi
1281 2640 1403 2707 inludit

270 2744 402 2830 effigies,
432 2746 540 2812 uolens
568 2765 586 2811 e
611 2746 699 2813 uobis
725 2762 883 2811 summum
908 2745 1002 2828 pretii
1032 2741 1201 2827 designari.
1237 2747 1293 2809 ssu
1322 2744 1403 2809 mali

372 2948 389 3002 9
410 2948 443 3002 cf.
463 2946 524 3002 Hor.
543 2948 574 3004 Α.
594 2964 618 3016 p.
636 2962 676 3003 ns.
695 2948 728 3001 31

322 3136 336 3189 1
365 3134 548 3221 ebiurtntioue
572 3134 597 3188 T
697 3135 714 3189 2
740 3136 867 3205 supplicii
894 3136 920 3193 T
1018 3138 1036 3191 3
1061 3136 1273 3208 eminentissimi
1299 3136 1330 3192 Β

269 3258 287 3311 4
304 3256 443 3326 plenitude
462 3256 499 3310 L*
602 3256 768 3312 saecularum
785 3257 813 3312 Β
915 3231 1076 3313 barfmenta
1095 3258 1133 3325 Β,
1157 3260 1285 3328 agmento
1305 3261 1332 3316 T

270 3360 285 3414 7
309 3360 370 3431 post
393 3375 442 3414 oso.
472 3361 498 3416 Τ
524 3376 581 3432 pa.
601 3361 618 3421 l.
636 3362 700 3417 odd.
718 3363 791 3416 ἰι-2
892 3362 909 3416 8
932 3360 1071 3417 silentium
1094 3363 1121 3420 V
1140 3363 1188 3419 occi
1205 3362 1240 3417 sil
1257 3365 1290 3421 s'sr
1306 3378 1362 3420 ras.
1382 3369 1402 3423 3

267 3497 456 3567 litterararum
472 3499 600 3568 primae
704 3499 867 3555 incurrerem
889 3501 917 3556 Β
1019 3464 1110 3557 offis
1132 3501 1157 3557 V
1179 3507 1402 3571 necessumst

265 3618 360 3673 oflteor
378 3634 399 3674 s.
417 3634 469 3675 scr.
488 3624 556 3674 aaz
660 3620 693 3674 10
715 3593 825 3677 offusam
842 3622 1045 3691 (assms'oras.)
1064 3622 1091 3677 Β
1190 3622 1221 3677 11
1240 3621 1352 3692 parendi
1371 3620 1401 3676 Β

269 3702 363 3769 PPb,
391 3706 510 3774 pariendi
528 3702 622 3760 ΜΨ
723 3707 756 3762 13
772 3708 953 3762 uerecundiam
974 3709 1001 3764 Τ
1100 3709 1232 3762 restatuts
1249 3708 1401 3762 mendatis·

268 3786 332 3841 simi
350 3789 377 3843 Β
474 3791 507 3845 14
524 3791 561 3861 st]
580 3793 612 3845 ut
628 3792 694 3859 sort.
793 3793 967 3864 allegationes
989 3794 1024 3850 17ι
1121 3794 1328 3850 1osetonus13

269 3872 302 3926 16
320 3872 440 3930 indirB
544 3876 576 3932 17
597 3879 648 3948 ito]
667 3880 754 3949 prima
780 3881 806 3934 T
904 3880 1402 3951 nmmB(ecproposotheaer

269 3956 390 4014 studea
408 3960 449 4014 II
461 3978 489 4030 p.
506 3965 579 4030 255),
606 3962 678 4018 fama
701 3964 829 4021 mro
931 3968 966 4023 18
988 3967 1121 4023 custodite
1143 3966 1182 4022 L¹
1287 3968 1356 4035 Quis
1374 3969 1400 4023 si

269 4044 292 4109 t,
317 4046 363 4113 qui
380 4046 420 4101 ssi
439 4046 472 4115 B,
496 4048 572 4117 qussi
589 4048 706 4117 LPYV,
730 4066 783 4119 qua
800 4052 824 4106 si
841 4053 1006 4109 coateosrom
1023 4054 1041 4111 l.
1058 4070 1081 4109 c.
1176 4053 1233 4125 dos]
1251 4053 1284 4109 de
1304 4055 1332 4110 Τ

268 4129 302 4183 19
320 4130 520 4189 conticiscatB
607 4135 642 4190 20
659 4136 829 4195 iniunctistis
847 4140 905 4194 BV
987 4140 1021 4196 21
1039 4141 1214 4212 obsequorT
1303 4140 1338 4197 22
1354 4140 1397 4195 in·

266 4214 344 4270 ludet
361 4217 389 4271 Β
490 4218 525 4273 23
543 4220 619 4275 nobis
636 4222 664 4277 L
681 4227 707 4279 st
725 4222 810 4281 som.
911 4242 1015 4282 summe
1031 4227 1070 4283 1¹
