2992 4967
286 362 328 428 22
685 346 840 413 Uictoris
858 348 1014 413 Uitensis

278 555 362 615 'tunc
385 549 570 633 lactabatur,
594 549 739 615 manibus
763 552 899 631 gestans.
922 548 1022 630 Quam
1045 549 1215 614 nescientis
1237 550 1356 633 proicit
1378 550 1421 613 sd

283 654 379 734 pedes
402 652 519 735 mariti,
544 652 639 717 etiam
655 653 723 733 ipsa
738 653 802 716 suis
824 668 929 733 genua
948 651 1155 733 conplectitur
1169 652 1263 731 ulnis,
1286 652 1421 717 sibilans

286 754 508 820 uociferatione
532 755 691 819 draconis:
715 754 870 819 ‘miserere
885 755 957 831 mei,
979 754 1168 831 dulcissime,
1190 754 1287 819 simul
1301 758 1335 819 et
1351 756 1419 836 tui,

282 858 430 923 miserere
446 858 663 923 communibus
681 856 801 935 liberis,
826 874 903 939 quos
924 856 1079 939 conspicis
1100 858 1178 941 ipse.
1211 856 1284 923 Non
1306 858 1420 923 subia-

281 966 375 1025 ceant
399 959 572 1025 condicioni
594 960 710 1037 seruili,
740 978 817 1043 quos
840 960 939 1025 claros
960 962 1103 1042 prosapia
1128 959 1269 1025 reddidit
1290 961 1419 1043 gemmis
1444 982 1460 1021 e

280 1062 401 1139 nostri;
435 1081 495 1127 non
519 1061 655 1129 subiciar
688 1080 744 1145 ego
774 1062 902 1145 indigno
930 1064 963 1127 et
990 1064 1076 1145 turpi
1109 1064 1252 1147 coniugio
1284 1064 1418 1128 uiuente

280 1167 406 1247 marito,
429 1165 612 1247 quaemihi
633 1184 758 1249 sempor
779 1165 863 1231 iuter
884 1184 1015 1233 coaonae
1036 1165 1223 1249 plaudebam
1246 1166 1285 1230 dc
1300 1164 1418 1231 Saturo

279 1286 361 1335 meo.
392 1267 558 1352 Cognoscit
580 1272 654 1335 deus
678 1270 752 1350 quia
772 1269 891 1335 inuitus
912 1269 1054 1336 facturus
1083 1288 1115 1335 cs
1138 1270 1205 1346 hoc,
1228 1268 1310 1351 quod
1330 1268 1417 1334 forte

228 1371 459 1438 50uoluntarie
470 1371 624 1453 aliquanti
640 1370 799 1437 leoenmt'.
816 1370 873 1437 (lui
888 1371 943 1437 ille
953 1372 1010 1438 Iob
1026 1373 1129 1437 musti
1143 1390 1219 1438 uoce
1232 1372 1415 1453 rospondit:

280 1476 492 1556 ‘tamquam
514 1493 590 1539 uua
605 1493 647 1539 ex
662 1474 956 1557 insipientibus
972 1475 1455 1559 mulieribusloqueris.re

279 1578 504 1659 Formidarem,
528 1578 654 1656 mulier,
677 1579 705 1642 si
727 1580 794 1644 sola
814 1580 896 1643 esset
916 1579 1010 1644 huius
1032 1580 1117 1644 uitae
1139 1597 1248 1644 amara
1267 1578 1415 1643 dulcedo.

280 1680 437 1759 Artificio‚
471 1681 590 1756 coniux,
624 1681 740 1747 diaboli
774 1682 974 1747 ministraris.
1019 1681 1053 1747 Si
1075 1680 1221 1763 diligeres
1248 1681 1414 1753 mnium,

280 1802 450 1867 numquam
473 1787 511 1849 ad
534 1786 703 1849 secundam
726 1788 861 1851 mortem
886 1785 1069 1850 adtraheres
1101 1784 1262 1869 proprium
1294 1784 1414 1848 uirum.

281 1886 466 1951 Distrahant
490 1887 581 1964 lilios,
605 1891 750 1973 separent
771 1908 908 1966 uxorem,
932 1888 1077 1955 auferant
1097 1890 1323 1955 substantiam:
1347 1886 1416 1952 mei

280 1988 401 2055 domini
423 2008 480 2073 ego
503 2008 626 2055 securus
650 1991 688 2055 de
709 1991 871 2074 promissis
894 1992 991 2057 uerba
1010 1992 1140 2058 tenebo:
1169 1994 1202 2057 si
1224 1991 1316 2073 quis
1338 2009 1451 2054 nonne

279 2092 487 2157 dimiserit
515 2111 687 2168 uxorem,
716 2093 850 2170 filios,
882 2112 995 2176 agros
1019 2098 1086 2160 aut
1108 2096 1276 2175 domum,
1302 2111 1414 2159 meus

280 2212 355 2258 non
370 2194 522 2278 poterit
534 2214 619 2259 esse
635 2195 877 2277 discipulue’.
894 2196 976 2277 Quid
987 2200 1095 2264 ultra?
1110 2197 1280 2262 Discedens
1296 2196 1414 2261 mulier

281 2315 352 2363 cum
367 2298 440 2362 filiis
462 2298 615 2375 refutata;
639 2300 832 2365 confortatur
846 2299 976 2366 Saturus
992 2301 1031 2366 ad
1046 2319 1202 2378 coronam,
1226 2299 1410 2372 discutitur,

280 2399 461 2483 expoliatur,
487 2402 594 2483 poenis
617 2404 798 2480 conteritur,
822 2403 982 2469 mendicus
1004 2402 1186 2481 dimittitur,
1208 2400 1410 2466 interdicitur

280 2504 308 2568 ci
324 2504 495 2585 prodeundi
518 2524 667 2571 accessus.
691 2506 806 2571 Totum
821 2506 850 2571 ci
866 2506 1019 2585 tuismet,
1035 2507 1149 2572 stolam
1165 2508 1269 2571 tamen
1285 2503 1448 2587 baptis-ao

280 2606 374 2673 matis
398 2606 520 2673 auferre
543 2625 602 2673 non
623 2610 800 2689 potuerunt.
1091 2614 1095 2619 ’

226 2750 266 2815 51
325 2744 364 2825 (I,
383 2744 433 2821 17)
456 2744 533 2809 Post
566 2744 641 2809 haec
672 2744 847 2811 (leisericus
882 2744 1045 2810 ecclesiam
1074 2744 1271 2829 Carthaginis
1301 2744 1411 2809 claudi

279 2846 449 2928 praecepit,
474 2847 633 2929 dissipatis
655 2846 747 2931 atque
770 2846 916 2929 dispersis
938 2866 993 2931 per
1015 2847 1138 2913 diuersa
1152 2848 1314 2913 exiliorum
1328 2848 1409 2930 loca,

279 2947 354 3029 quia
381 2948 543 3029 episcopus
565 2966 625 3014 non
649 2950 759 3027 luerat,
782 2951 971 3033 presbyteris
993 2952 1025 3014 et
1047 2951 1211 3016 ministris.
1245 2948 1332 3030 Quae
1353 2952 1408 3014 uir

196 3084 217 3117 e
231 3073 270 3115 os
278 3054 417 3115 reserata
432 3052 481 3114 est
494 3050 612 3117 Zenone
627 3054 766 3137 principe
781 3053 975 3135 supplicante
989 3073 1044 3137 per
1058 3054 1226 3138 patricium
1238 3051 1445 3133 Seuerum3sr

278 3156 310 3216 et
339 3154 384 3217 sic
412 3153 550 3218 uniuersi
578 3154 617 3219 ab
647 3154 737 3220 exilio
767 3158 936 3221 redierunt.
974 3155 1060 3236 Quae
1087 3174 1161 3222 uero
1186 3155 1219 3220 in
1241 3154 1406 3237 Hispania,

278 3254 379 3335 ltalia,
404 3258 574 3343 Dalmatia,
598 3256 779 3341 Campania,
802 3258 956 3337 Calabria,
981 3258 1104 3341 Apulia,
1121 3257 1237 3338 Sicilia,
1253 3256 1406 3333 Sardinia,

380 3470 412 3523 10
434 3469 483 3525 Iob
502 3472 526 3537 2,
547 3471 587 3525 10.
692 3474 724 3527 15
742 3470 805 3525 Luc.
824 3473 866 3537 14,
884 3471 926 3527 26.

327 3667 456 3735 lQuam]
475 3682 543 3735 quae
567 3666 629 3721 WL
730 3666 896 3738 nescientis
999 3667 1100 3737 proicit
1120 3668 1160 3723 Os
1176 3667 1308 3722 Hotmiarr
1331 3665 1404 3735 proi-

274 3753 346 3806 citur
364 3752 488 3807 BVWL
513 3752 627 3820 proiecit
644 3752 682 3805 Μ
704 3752 836 3821 proiciens
852 3753 893 3822 βυ
986 3752 1168 3807 beneditione
1182 3754 1233 3808 Ws
1325 3750 1404 3806 din·

274 3838 399 3893 uictusb
500 3836 654 3893 illuceret
752 3838 801 3892 ille
817 3839 921 3893 illudt
1020 3854 1086 3895 uoce
1101 3840 1189 3910 caeli
1292 3836 1325 3892 12
1340 3852 1403 3891 cou-

274 3924 339 3979 iunx
360 3924 442 3981 LPR
549 3924 685 3979 minitaris
707 3940 741 3977 co·
763 3925 912 3979 minitreris
933 3925 972 3979 W
1004 3926 1130 3979 ministra
1152 3941 1181 3980 es
1207 3926 1231 3979 G
1263 3924 1402 3979 minum

274 4014 299 4065 ε’
315 4012 529 4067 ministraresP¹
624 4011 746 4080 diligeris
759 4011 855 4065 ΒΥΦ*
950 4012 986 4066 14
995 4011 1175 4067 dismaheutb
1271 4012 1402 4079 l'lputcst

279 4098 319 4154 W
415 4098 571 4153 discendens
595 4098 678 4153 W¹P¹
781 4096 814 4151 18
831 4098 1030 4153 coufortutueb
1133 4100 1166 4151 19
1184 4097 1360 4153 interceditur
1374 4100 1401 4149 st

274 4183 310 4237 10
325 4198 449 4239 mensus
466 4186 495 4239 P
587 4184 752 4241 eleuteros
846 4185 1093 4255 Mineratleratd
1187 4186 1221 4239 25
1237 4184 1402 4253 subpdcrnte

273 4268 311 4325 Ρι
414 4270 447 4323 26
465 4271 570 4339 ispania
587 4272 615 4324 P
716 4270 751 4324 27
768 4271 799 4326 iu
817 4272 932 4340 italiafi
