2992 4967
294 307 334 373 10
652 306 768 375 Magni
785 305 914 360 Felicis
931 306 1061 360 llnnodi

293 499 409 563 storum
424 499 579 581 reparator
596 497 727 564 fascium
743 499 885 565 nouellus
908 498 1016 564 consul
1038 497 1150 563 inluxit
1173 501 1204 563 et
1226 498 1422 584 dignitatum

294 604 471 666 nostrarum
493 600 623 666 cariosas
647 600 727 665 fores
748 600 893 666 robustus
915 599 1065 666 reserauit
1085 601 1234 682 inpulsos.
1273 603 1313 666 ad
1336 602 1422 666 redi·

293 703 400 767 uiuam
413 701 618 770 ualitudinem
634 705 839 770 tremebunda
854 703 1114 768 marcescentium
1130 703 1294 768 cardinum
1307 703 1423 770 limina

294 805 508 885 iuueniscunt,
551 824 628 889 quae
662 807 756 872 nullis
790 805 879 871 credo
915 805 971 870 deo
1008 804 1132 887 auspice
1165 805 1240 888 quia
1272 806 1424 889 posthaec

294 908 435 974 obicibus
459 909 634 975 claudenda
655 909 839 993 patuissent.
863 927 936 972 nam
953 904 1066 973 Auiani
1082 908 1143 972 moi
1166 927 1226 974 non
1250 928 1343 984 unus,
1367 909 1450 974 seda

293 1017 411 1095 primus
440 1013 488 1076 est
516 1012 701 1078 consulatus.
739 1012 846 1094 stirpis
867 1029 940 1077 snae
962 1013 1122 1096 gestatura
1149 1012 1269 1094 aquilas
1292 1013 1423 1095 agmina

293 1116 436 1199 praeuius
465 1115 632 1180 antecessit
661 1117 693 1179 et
722 1114 762 1178 ad
790 1113 990 1197 principalem
1019 1111 1167 1180 militiam
1200 1113 1260 1178 iter
1290 1114 1422 1180 uirtutis

294 1216 438 1284 ostendit.
462 1217 490 1283 si
512 1237 574 1303 qua
596 1221 642 1282 ost
665 1215 870 1282 saecularium
892 1217 1068 1283 reuerentia
1083 1215 1283 1301 dignitatum,
1306 1217 1422 1300 siquis

293 1321 391 1386 honos
407 1324 455 1386 ost
469 1321 625 1387 hominem
643 1320 750 1386 uiuere
766 1323 836 1400 post
851 1316 1001 1402 sepulcra,
1018 1321 1045 1385 si
1060 1319 1134 1403 quid
1148 1319 1285 1404 prouidit
1305 1322 1424 1386 astutia

293 1424 446 1503 ueterum,
469 1443 524 1506 per
546 1423 628 1508 quod
651 1424 691 1488 ab
712 1423 889 1488 hominibus
913 1422 986 1487 anni
1008 1422 1175 1489 uincantur
1197 1422 1330 1488 indulti:
1356 1424 1449 1488 iursa
1483 1510 1484 1525 χ

293 1525 392 1592 fastus
407 1527 619 1593 huiuscemodi
634 1527 785 1611 putentur
807 1525 960 1591 inuenisse
981 1526 1118 1599 consilia.
1147 1545 1278 1610 quorum
1294 1527 1424 1610 longae·

293 1630 377 1696 uitas
400 1635 431 1694 et
452 1631 645 1695 senectutem
666 1629 781 1694 rebrat
804 1631 835 1693 st
857 1629 1034 1695 terminum.
1065 1630 1139 1694 deus
1154 1633 1241 1709 bono,
1263 1633 1423 1712 quantum

293 1738 341 1798 est
368 1732 460 1797 unius
488 1733 674 1799 uocabulum
703 1731 838 1798 hominis
866 1731 1030 1815 inpensum
1059 1732 1094 1797 in
1116 1731 1269 1799 dictandis
1293 1730 1422 1816 legibus

294 1835 433 1901 laborem
456 1838 507 1901 uel
529 1835 672 1901 stabilire
694 1853 784 1918 posse
799 1836 852 1900 uel
873 1834 1007 1902 soluere!
1030 1839 1132 1901 macto
1152 1834 1327 1919 insignium
1341 1836 1423 1900 adn·

295 1939 412 2006 lescons
444 1939 614 2017 uirtutum,
651 1938 704 2021 qui
736 1957 792 2023 per
824 1939 1040 2004 oblitteratum
1073 1939 1208 2004 materni
1241 1939 1448 2005 stemmatiao

295 2043 406 2108 callem
430 2042 543 2108 uitales
568 2041 719 2106 bonorum
740 2060 864 2108 secures
888 2041 1046 2118 adtulisti‚
1069 2042 1182 2123 quibus
1204 2060 1354 2120 annosas,
1387 2063 1425 2106 ne

295 2145 510 2230 posteritatem
545 2157 631 2209 cuam
667 2145 852 2222 retinerent,
885 2144 1127 2227 splendidissimi
1160 2143 1281 2210 itineris
1316 2145 1423 2210 obices

295 2248 484 2330 amputares.
509 2247 621 2312 cedant
642 2244 715 2310 huic
735 2247 908 2330 priscorum
930 2247 1053 2326 laudes,
1082 2247 1194 2329 quibus
1221 2247 1424 2314 nobilitatem

295 2352 456 2416 doctorum
474 2351 649 2415 commenta
663 2351 857 2431 pepererunt,
881 2368 959 2432 quae
975 2348 1113 2414 faleratis
1130 2352 1293 2416 uerborum
1309 2370 1423 2432 snper·

295 2454 376 2520 ciliis
389 2452 539 2518 meritum
554 2471 574 2518 a
587 2453 720 2518 relatore
736 2457 921 2518 mercantur.
947 2471 1067 2517 necesse
1084 2453 1166 2516 enim
1184 2457 1231 2518 est
1245 2451 1449 2520 exilitatemo

296 2556 446 2622 thematis
475 2557 632 2621 narrantis
655 2555 763 2637 opibus
785 2555 947 2639 ampliari,
973 2556 1009 2620 ut
1036 2557 1101 2635 dos,
1130 2575 1206 2637 quae
1229 2555 1262 2620 in
1282 2557 1424 2622 materia
1483 2596 1484 2633 p

295 2677 355 2726 non
377 2659 546 2740 muemtur,
568 2657 635 2724 stili
656 2658 900 2742 processionibus
922 2658 1086 2724 inseratur.
1112 2665 1149 2724 ut
1170 2663 1293 2724 taceam
1307 2659 1424 2724 Fabios
1483 2666 1484 2681 ¹

294 2765 466 2845 Torquatos
490 2759 637 2828 Camillos
660 2763 768 2828 Decios
791 2761 884 2827 subse
905 2761 1081 2841 superatos:
1104 2764 1271 2843 teipsum,
1296 2760 1340 2826 mi
1368 2761 1422 2827 do·

294 2865 394 2944 minc,
424 2866 477 2947 qui
505 2864 665 2930 uniuersos
693 2863 812 2945 uicisti,
843 2863 909 2928 eins
938 2863 1116 2946 primordiis
1146 2864 1289 2930 existimo
1311 2863 1422 2930 uotiua

347 3070 363 3123 1
380 3069 527 3139 dignitatis
539 3069 643 3122 nostrae
662 3067 705 3120 Pb
796 3066 813 3120 2
831 3065 961 3120 reserauit
974 3066 1066 3133 Siros„
1083 3067 1212 3121 reserabit
1228 3066 1353 3121 LPTVb

295 3155 423 3226 impulsor
444 3155 498 3211 TV
596 3151 802 3207 biremibunda
818 3153 846 3207 Β
948 3152 1117 3223 dpatiscont
1132 3154 1198 3220 sort.
1295 3151 1425 3207 tconso·
1483 3154 1484 3189 l

294 3244 366 3298 latus
384 3241 440 3296 BL
542 3238 662 3295 9honns
681 3235 742 3301 LV,
769 3253 835 3291 onus
852 3239 888 3302 Β,
914 3237 997 3292 honos
1015 3237 1045 3292 in
1064 3238 1088 3292 Τ
1104 3238 1144 3304 (in
1161 3239 1192 3291 isa
1208 3239 1275 3304 ros.)
1384 3242 1426 3292 eet

297 3337 358 3393 Ta.
377 3337 396 3392 l.
496 3333 636 3403 sepulchra
652 3333 680 3387 Β
784 3331 818 3386 10
834 3332 901 3386 anni
917 3347 967 3387 om.
990 3333 1015 3384 Τ
1113 3331 1215 3386 indulti
1232 3331 1295 3395 ΒΡ,
1312 3329 1425 3401 indulgi

295 3457 383 3524 ΜΨ,
402 3455 489 3510 adulti
503 3455 519 3508 b
606 3454 636 3507 ll
650 3451 734 3506 iutm
746 3451 853 3517 ΒΜ,
871 3451 945 3506 latus
958 3451 992 3517 12,
1010 3451 1116 3536 faustus
1130 3451 1163 3516 P,
1182 3450 1267 3504 fastos
1281 3451 1367 3505 Sim.

296 3559 408 3614 consilia
433 3561 600 3625 susspectum,
626 3554 692 3621 fort.
720 3571 754 3610 ec
776 3555 856 3625 alosa.
881 3570 953 3609 cons.
981 3554 1009 3618 li.
1028 3569 1050 3606 c.
1069 3555 1236 3622 acmularet)
1263 3559 1353 3609 ortum

296 3643 449 3715 longouitas
472 3643 499 3696 Β
605 3642 638 3697 14
665 3641 814 3696 aduliscens
837 3642 879 3706 Β,
906 3641 1056 3695 adolescens
1080 3639 1148 3695 Pro
1252 3639 1284 3694 15
1311 3639 1425 3697 oblitte-

296 3755 386 3795 rarum
413 3739 467 3804 Β,
502 3735 674 3792 obliteratum
700 3737 728 3791 Β
849 3736 995 3792 stimmatis
1020 3736 1062 3803 B,
1096 3734 1220 3790 sternatis
1247 3735 1359 3791 LPTV

297 3842 330 3897 16
351 3840 471 3896 attulisti
490 3839 574 3895 ΜΨ
682 3840 715 3896 17
733 3805 926 3909 splendfissimi
944 3839 971 3892 L
1072 3842 1225 3908 amputares
1243 3837 1340 3904 Siras,
1366 3857 1425 3895 am-
1483 3808 1484 3849 ³

295 3943 398 4015 paura
426 3943 577 3999 snsnvc
685 3943 718 3998 1o
744 3942 864 3997 susac·
890 3942 982 4009 anu
1012 3941 1196 3997 astreas
1298 3941 1333 3996 aa
1358 3911 1424 4030 scri

296 4048 324 4102 Β
425 4044 512 4101 fabios
530 4061 564 4102 cc
580 4047 669 4102 buius
691 4047 717 4101 V
730 4063 765 4101 m.
784 4050 808 4113 1,
832 4045 922 4100 lanius
939 4046 967 4100 Β
1068 4045 1104 4100 23
1129 4047 1272 4115 torquatus
1299 4047 1423 4103 camillus

296 4139 471 4197 deciusBV¹
491 4142 795 4208 (malasiam)
898 4141 1039 4210 superatus
1065 4139 1093 4194 Β
1194 4141 1231 4196 al
1253 4142 1378 4196 existimo
1401 4143 1422 4207 b,

297 4235 394 4291 extimo
414 4238 448 4304 P,
478 4239 562 4292 stomo
579 4236 690 4293 BLTV
791 4234 899 4290 uotiuae
916 4235 944 4289 B
