2992 4967
277 309 340 375 212
632 304 746 373 magni
763 304 892 359 Felicis
909 302 1039 358 Ennodi

276 491 499 580 praenosoere?
535 496 703 577 postquam
726 493 809 559 enim
831 492 872 559 ab
894 492 970 557 mbo
992 492 1079 575 redii,
1101 496 1247 575 reparata
1268 496 1343 558 sunt
1364 492 1399 559 in

276 618 326 667 me
360 598 467 665 diuina
504 596 653 681 mysteria
687 598 718 663 et
750 599 830 679 qnod
862 598 1008 663 senuerat
1039 596 1229 678 temporibus
1263 594 1399 663 nouellis

276 702 441 767 resurrexit
462 700 622 782 exemplis.
657 699 773 765 iterum
796 701 926 766 nooatus
949 701 996 765 est
1017 700 1152 765 Lazarus
1174 700 1212 765 do
1234 700 1397 783 sepulum,

276 822 337 870 non
368 802 492 887 quidem
525 802 611 869 illius
632 821 689 885 par
711 804 822 867 merito
854 802 907 884 qni
929 802 1021 867 amini
1053 802 1260 885 redemptoris
1281 819 1398 867 nomeu

275 908 424 975 emeruit:
434 910 488 975 sed
500 907 531 971 iu
543 893 728 973 diuersitate
740 909 866 973 omnum
879 907 1123 975 nniuseennenit
1134 904 1397 987 sormamyeterii
1419 932 1435 971 e

277 1012 428 1079 deduntur
450 1028 504 1093 per
526 1011 737 1094 aegritudines
755 1010 946 1093 mutipuees
961 1011 1002 1076 ad
1019 1012 1169 1094 repulere,
1192 1010 1248 1076 sed
1267 1008 1396 1075 oaelesti

274 1134 348 1181 nore
370 1114 550 1191 renouatus,
580 1112 619 1177 ad
640 1112 717 1177 haee
739 1113 875 1195 primum
897 1132 976 1195 quae
996 1112 1085 1179 uobis
1106 1111 1269 1179 soiountnr
1291 1110 1398 1177 efficis

275 1214 489 1294 mammerti,
505 1214 631 1281 eredens
644 1215 768 1297 plaeere
785 1214 850 1293 deo,
878 1216 904 1280 si
918 1215 1087 1281 oultoribns
1097 1218 1163 1281 eius
1173 1232 1231 1295 per
1240 1212 1396 1296 linguam,

275 1340 367 1404 qnam
387 1321 453 1401 ipse
474 1317 622 1397 reddidit
645 1318 784 1402 prinoipe
810 1318 877 1383 loeo
901 1318 1102 1383 exhibeantur
1124 1317 1282 1399 obsequia.
1320 1334 1395 1400 ergo

274 1422 448 1489 reuerentia
469 1420 672 1488 salutationis
695 1421 824 1503 inpensa
846 1422 1000 1503 deprecor,
1023 1425 1059 1486 ut
1081 1440 1137 1503 pro
1153 1440 1213 1498 me,
1236 1421 1320 1485 sieut
1341 1438 1433 1501 poro

273 1525 369 1610 possi,
404 1544 490 1591 orare
525 1525 682 1589 adtentius
716 1522 898 1608 proderetis,
935 1525 971 1589 ut
1007 1543 1062 1606 per
1083 1525 1232 1589 meritum
1254 1526 1397 1588 uestrum

274 1627 382 1695 diuina
397 1628 564 1693 clementia
580 1627 726 1711 dignetur
742 1627 924 1692 confirmare
940 1629 1020 1709 quod
1035 1626 1157 1704 tribuit,
1173 1628 1206 1691 et
1219 1626 1397 1708 frequenter

274 1750 324 1797 me
345 1733 396 1813 pia
418 1732 599 1797 fitterarum
621 1734 797 1797 uestrarum
819 1731 1071 1813 promulgatione
1096 1728 1277 1796 sublenetis.
1310 1746 1397 1812 rugo,

273 1836 309 1899 ut
331 1833 454 1899 nullum
477 1833 573 1900 alium
595 1832 711 1898 dictare
734 1832 838 1909 fatias,
867 1851 922 1914 per
945 1833 1064 1898 dommi
1081 1833 1186 1898 Asteri
1208 1835 1348 1898 animam
1365 1836 1398 1896 et

274 1934 494 2018 professionem
518 1937 626 2001 tuam:
660 1934 705 2001 sto
733 1935 761 1999 ei
790 1934 873 2001 nitor
902 1953 995 2017 quem
1024 1936 1113 2017 optas
1143 1936 1302 2018 usquead
1325 1952 1433 2001 aon-u

274 2039 494 2104 summationis
515 2043 640 2119 tempus
663 2038 802 2104 adsistat.

774 2208 893 2275 XVIII.

659 2344 843 2401 ENNODIVS
860 2344 1007 2400 FAVSTO.

317 2450 425 2534 Coegit
453 2470 503 2514 me
531 2450 570 2515 sd
600 2450 705 2515 studia
732 2469 804 2515 mea
831 2452 962 2534 portitor
984 2454 1194 2533 praesentium
1215 2450 1395 2517 litterarum

275 2556 306 2619 et
328 2553 408 2637 quod
430 2552 574 2620 uolebam
597 2572 691 2637 prope
713 2554 900 2636 inportunus
923 2553 1032 2637 eregit.
1071 2555 1116 2618 sie
1142 2554 1276 2619 eontulit
1298 2554 1432 2619 bene-se

273 2657 380 2723 ficium
402 2659 455 2740 qui
481 2655 640 2739 poseebat.
684 2657 742 2721 iste
775 2656 808 2720 in
841 2657 965 2739 negotio
998 2676 1052 2722 sno
1085 2657 1249 2738 probatum
1276 2657 1395 2721 mundo

275 2761 412 2825 iustitiae
433 2762 554 2825 uestrae
578 2760 679 2842 possit
693 2776 831 2837 eramen,
855 2776 910 2824 neo
928 2759 1086 2842 abaliquo
1101 2761 1266 2825 ueritatem
1282 2778 1393 2824 causae

273 2882 349 2931 snae
372 2863 507 2929 disoerni
529 2863 686 2939 aestimat,
711 2864 737 2927 si
760 2862 899 2927 cessetis.
921 2881 976 2943 pro
991 2862 1048 2927 hoo
1068 2864 1209 2946 preoator
1224 2862 1343 2940 asnede,
1358 2865 1396 2926 ut

274 2966 349 3031 dum
372 2966 488 3031 adestis
510 2965 668 3032 mandatis
692 2963 877 3030 caelestibus
900 2968 931 3029 et
953 2965 1116 3030 ueritatem
1131 2966 1198 3031 tota
1219 2966 1395 3031 intentione

274 3066 468 3151 perquiritis,
497 3067 617 3131 adflieti
644 3066 779 3132 hominis
817 3066 1056 3133 necessitatibus
1084 3066 1283 3132 subterratis.
1306 3087 1434 3150 sperone

274 3172 367 3235 etiam
389 3169 515 3235 seruitio
537 3170 733 3237 salutationis
756 3172 894 3254 inpenso,
917 3174 953 3236 ut
975 3170 1087 3236 inditio
1109 3190 1159 3236 me
1176 3172 1393 3254 prosperitatis

325 3358 340 3411 1
359 3359 496 3427 raeparata
513 3356 540 3411 Β
642 3357 659 3410 2
676 3356 810 3411 nouuellis
827 3356 855 3410 Β
956 3356 973 3411 3
990 3357 1162 3412 resurrexerit
1180 3356 1206 3413 L
1308 3359 1398 3427 sepul·

274 3442 334 3499 ehro
352 3440 463 3499 BLTV
555 3442 637 3511 iper
655 3442 682 3497 Β
716 3426 724 3442 ’
781 3444 890 3497 tantm
907 3442 935 3497 Β
1028 3443 1141 3498 formam
1160 3441 1188 3498 Β
1281 3445 1398 3499 misterii

274 3528 339 3593 PT,
367 3528 510 3583 miuisterii
533 3529 551 3583 t
654 3529 670 3581 6
695 3528 872 3597 aegritudiuis
900 3529 928 3584 Β
1029 3530 1164 3598 repulsura
1186 3528 1228 3598 B,
1255 3531 1396 3600 sepulchra

274 3614 384 3671 LPI'V
463 3614 553 3669 aelesti
571 3614 598 3669 Β
689 3615 706 3668 9
723 3614 799 3685 ipsed
819 3613 856 3669 V¹
952 3616 986 3670 12
1002 3616 1104 3669 tribuet
1121 3615 1149 3669 Β
1244 3617 1278 3670 14
1295 3617 1397 3671 Asturii

274 3700 370 3766 sem„
395 3698 514 3755 Anatolii
532 3700 578 3755 Po
682 3702 810 3757 roobiae
828 3702 856 3755 Β

325 3802 425 3859 XVIII.
462 3804 495 3857 19
511 3806 646 3874 peantium
664 3808 783 3876 portitor
803 3806 829 3860 Τ
930 3806 1069 3861 literarum
1091 3804 1119 3861 Β
1219 3806 1255 3861 ΒΟ
1272 3805 1395 3861 uolebam

273 3889 300 3945 L
396 3890 484 3958 exiget
501 3891 529 3945 Β
624 3892 656 3947 21
675 3892 865 3962 portabatiste
882 3894 987 3961 seripss',
1012 3891 1193 3947 eosoebotiste
1211 3892 1248 3961 B,
1271 3890 1395 3961 exigebat

272 3974 325 4029 iste
344 3972 466 4029 LPTVb
552 3976 680 4047 probatus
697 3978 726 4031 in
745 3977 773 4032 Β
863 3977 897 4031 22
915 3981 1001 4032 nostre
1018 3978 1046 4032 Β
1132 3978 1165 4033 ab
1184 3978 1275 4046 aliquo
1294 3976 1340 4047 (ab
1357 3977 1396 4032 ali

271 4074 307 4115 aa
325 4060 379 4114 elib
398 4076 465 4116 corr.
484 4062 554 4133 uid.)
578 4062 606 4118 L
706 4063 741 4119 23
764 4065 899 4131 praedator
921 4065 949 4118 Β
1050 4065 1083 4120 25
1106 4064 1276 4119 rubeurrates
1299 4063 1328 4118 Β

271 4147 306 4202 26
333 4146 444 4201 seruitio
467 4148 638 4205 salutationis
658 4148 700 4216 Β,
727 4150 900 4207 salutationis
921 4150 1012 4207 officio
1033 4150 1144 4206 nm
1241 4149 1340 4205 iuditio
1358 4148 1395 4216 Β,

272 4232 384 4289 indictio
402 4234 429 4290 L
