<?xml version="1.0" encoding="UTF-8"?>
<!DOCTYPE html PUBLIC "-//W3C//DTD XHTML 1.0 Transitional//EN"
    "http://www.w3.org/TR/xhtml1/DTD/xhtml1-transitional.dtd">
<html xmlns="http://www.w3.org/1999/xhtml" xml:lang="en" lang="en">
 <head>
  <title>
</title>
<meta http-equiv="Content-Type" content="text/html;charset=utf-8" />
  <meta name='ocr-system' content='tesseract 3.04.00' />
  <meta name='ocr-capabilities' content='ocr_page ocr_carea ocr_par ocr_line ocrx_word'/>
</head>
<body>
  <div class='ocr_page' id='page_1' title='image "./corpusscriptoru10wissgoog/corpusscriptoru10wissgoog_0486.png"; bbox 0 0 2992 4967; ppageno 0'>
   <div class='ocr_carea' id='block_1_1' title="bbox 300 310 1065 386">
    <p class='ocr_par' dir='ltr' id='par_1_1' title="bbox 300 310 1065 386">
     <span class='ocr_line' id='line_1_1' title="bbox 300 310 1065 386; baseline -0.014 -11"><span class='ocrx_word' id='word_1_1' title='bbox 300 318 364 386; x_wconf 76' lang='lat'><strong>354</strong></span> <span class='ocrx_word' id='word_1_2' title='bbox 655 312 771 382; x_wconf 70' lang='lat' dir='ltr'><strong>Magni</strong></span> <span class='ocrx_word' id='word_1_3' title='bbox 788 311 916 367; x_wconf 79' lang='lat' dir='ltr'><strong>Felieis</strong></span> <span class='ocrx_word' id='word_1_4' title='bbox 933 310 1065 365; x_wconf 77' lang='lat' dir='ltr'><strong>Ennodi</strong></span> 
     </span>
    </p>
   </div>
   <div class='ocr_carea' id='block_1_2' title="bbox 299 498 1462 2958">
    <p class='ocr_par' dir='ltr' id='par_1_2' title="bbox 299 498 1462 2958">
     <span class='ocr_line' id='line_1_2' title="bbox 304 498 1430 585; baseline -0.005 -14"><span class='ocrx_word' id='word_1_5' title='bbox 304 505 411 571; x_wconf 78' lang='lat' dir='ltr'><strong>taliter</strong></span> <span class='ocrx_word' id='word_1_6' title='bbox 432 506 537 569; x_wconf 86' lang='lat' dir='ltr'><strong>temen</strong></span> <span class='ocrx_word' id='word_1_7' title='bbox 560 503 659 569; x_wconf 86' lang='lat' dir='ltr'><strong>iortur</strong></span> <span class='ocrx_word' id='word_1_8' title='bbox 680 502 719 567; x_wconf 83' lang='lat' dir='ltr'><strong>od</strong></span> <span class='ocrx_word' id='word_1_9' title='bbox 741 501 944 585; x_wconf 72' lang='lat' dir='ltr'>interpretem</span> <span class='ocrx_word' id='word_1_10' title='bbox 966 518 1020 566; x_wconf 81' lang='lat' dir='ltr'><strong>ren</strong></span> <span class='ocrx_word' id='word_1_11' title='bbox 1040 501 1178 565; x_wconf 84' lang='lat' dir='ltr'><strong>loeutus:</strong></span> <span class='ocrx_word' id='word_1_12' title='bbox 1203 498 1297 565; x_wconf 61' lang='lat' dir='ltr'><strong>“lioet</strong></span> <span class='ocrx_word' id='word_1_13' title='bbox 1318 499 1430 581; x_wconf 83' lang='lat' dir='ltr'><strong>peetus</strong></span> 
     </span>
     <span class='ocr_line' id='line_1_3' title="bbox 301 602 1430 675; baseline -0.008 0"><span class='ocrx_word' id='word_1_14' title='bbox 301 626 407 675; x_wconf 87' lang='lat' dir='ltr'><strong>meum</strong></span> <span class='ocrx_word' id='word_1_15' title='bbox 430 608 525 673; x_wconf 84' lang='lat' dir='ltr'><strong>lorioo</strong></span> <span class='ocrx_word' id='word_1_16' title='bbox 553 608 604 673; x_wconf 83' lang='lat' dir='ltr'><strong>uin</strong></span> <span class='ocrx_word' id='word_1_17' title='bbox 627 606 752 672; x_wconf 75' lang='lat' dir='ltr'><strong>desemt</strong></span> <span class='ocrx_word' id='word_1_18' title='bbox 773 607 808 670; x_wconf 90' lang='lat' dir='ltr'><strong>et</strong></span> <span class='ocrx_word' id='word_1_19' title='bbox 829 605 957 672; x_wconf 74' lang='lat' dir='ltr'><strong>adsidue</strong></span> <span class='ocrx_word' id='word_1_20' title='bbox 979 621 1108 669; x_wconf 83' lang='lat' dir='ltr'><strong>monum</strong></span> <span class='ocrx_word' id='word_1_21' title='bbox 1131 602 1213 669; x_wconf 87' lang='lat' dir='ltr'><strong>orbis</strong></span> <span class='ocrx_word' id='word_1_22' title='bbox 1235 603 1361 669; x_wconf 67' lang='lat' dir='ltr'><strong>uerum</strong></span> <span class='ocrx_word' id='word_1_23' title='bbox 1381 602 1430 667; x_wconf 93' lang='lat' dir='ltr'><strong>in·</strong></span> 
     </span>
     <span class='ocr_line' id='line_1_4' title="bbox 299 706 1433 790; baseline -0.006 -13"><span class='ocrx_word' id='word_1_24' title='bbox 299 711 407 777; x_wconf 66' lang='lat' dir='ltr'><strong>eludet</strong></span> <span class='ocrx_word' id='word_1_25' title='bbox 431 726 546 775; x_wconf 87' lang='lat' dir='ltr'><strong>neonon</strong></span> <span class='ocrx_word' id='word_1_26' title='bbox 570 709 602 774; x_wconf 86' lang='lat' dir='ltr'><strong>et</strong></span> <span class='ocrx_word' id='word_1_27' title='bbox 624 709 709 775; x_wconf 83' lang='lat' dir='ltr'><strong>lutus</strong></span> <span class='ocrx_word' id='word_1_28' title='bbox 730 707 852 773; x_wconf 82' lang='lat' dir='ltr'><strong>muniet</strong></span> <span class='ocrx_word' id='word_1_29' title='bbox 872 707 949 773; x_wconf 83' lang='lat' dir='ltr'><strong>ferri</strong></span> <span class='ocrx_word' id='word_1_30' title='bbox 963 706 1171 790; x_wconf 76' lang='lat' dir='ltr'><strong>presidium,</strong></span> <span class='ocrx_word' id='word_1_31' title='bbox 1193 706 1299 771; x_wconf 87' lang='lat' dir='ltr'><strong>inueni</strong></span> <span class='ocrx_word' id='word_1_32' title='bbox 1322 708 1433 771; x_wconf 77' lang='lat' dir='ltr'><strong>tumen</strong></span> 
     </span>
     <span class='ocr_line' id='line_1_5' title="bbox 301 807 1431 895; baseline -0.005 -16"><span class='ocrx_word' id='word_1_33' title='bbox 301 814 477 890; x_wconf 86' lang='lat' dir='ltr'><strong>hominem,</strong></span> <span class='ocrx_word' id='word_1_34' title='bbox 502 813 568 895; x_wconf 86' lang='lat' dir='ltr'><strong>-qui</strong></span> <span class='ocrx_word' id='word_1_35' title='bbox 599 828 650 877; x_wconf 89' lang='lat' dir='ltr'><strong>me</strong></span> <span class='ocrx_word' id='word_1_36' title='bbox 683 812 842 878; x_wconf 68' lang='lat' dir='ltr'><strong>umatum</strong></span> <span class='ocrx_word' id='word_1_37' title='bbox 878 811 978 895; x_wconf 87' lang='lat' dir='ltr'><strong>possit</strong></span> <span class='ocrx_word' id='word_1_38' title='bbox 1011 828 1188 894; x_wconf 76' lang='lat' dir='ltr'><strong>expugnore</strong></span> <span class='ocrx_word' id='word_1_39' title='bbox 1219 807 1431 875; x_wconf 82' lang='lat' dir='ltr'><strong>sermonibus.</strong></span> 
     </span>
     <span class='ocr_line' id='line_1_6' title="bbox 300 912 1462 999; baseline -0.007 -17"><span class='ocrx_word' id='word_1_40' title='bbox 300 917 417 983; x_wconf 80' lang='lat' dir='ltr'><strong>fallunt</strong></span> <span class='ocrx_word' id='word_1_41' title='bbox 441 916 495 998; x_wconf 89' lang='lat' dir='ltr'><strong>qui</strong></span> <span class='ocrx_word' id='word_1_42' title='bbox 518 914 627 981; x_wconf 89' lang='lat' dir='ltr'><strong>dieunt</strong></span> <span class='ocrx_word' id='word_1_43' title='bbox 642 915 799 981; x_wconf 81' lang='lat' dir='ltr'><strong>Romanos</strong></span> <span class='ocrx_word' id='word_1_44' title='bbox 812 913 847 978; x_wconf 96' lang='lat' dir='ltr'><strong>in</strong></span> <span class='ocrx_word' id='word_1_45' title='bbox 863 914 981 999; x_wconf 73' lang='lat' dir='ltr'><strong>linguis</strong></span> <span class='ocrx_word' id='word_1_46' title='bbox 1002 917 1130 980; x_wconf 83' lang='lat' dir='ltr'><strong>sontum</strong></span> <span class='ocrx_word' id='word_1_47' title='bbox 1150 914 1203 978; x_wconf 88' lang='lat' dir='ltr'><strong>uel</strong></span> <span class='ocrx_word' id='word_1_48' title='bbox 1224 912 1348 995; x_wconf 82' lang='lat' dir='ltr'><strong>spieulu</strong></span> <span class='ocrx_word' id='word_1_49' title='bbox 1368 929 1432 977; x_wconf 90' lang='lat' dir='ltr'><strong>uon</strong></span> <span class='ocrx_word' id='word_1_50' title='bbox 1451 934 1462 973; x_wconf 78' lang='lat' dir='ltr'><strong>s</strong></span> 
     </span>
     <span class='ocr_line' id='line_1_7' title="bbox 301 1014 1433 1100; baseline -0.007 -14"><span class='ocrx_word' id='word_1_51' title='bbox 301 1020 425 1087; x_wconf 84' lang='lat' dir='ltr'><strong>hebere.</strong></span> <span class='ocrx_word' id='word_1_52' title='bbox 460 1023 575 1086; x_wconf 88' lang='lat' dir='ltr'><strong>norunt</strong></span> <span class='ocrx_word' id='word_1_53' title='bbox 597 1020 682 1083; x_wconf 91' lang='lat' dir='ltr'><strong>enim</strong></span> <span class='ocrx_word' id='word_1_54' title='bbox 704 1021 736 1083; x_wconf 90' lang='lat' dir='ltr'><strong>et</strong></span> <span class='ocrx_word' id='word_1_55' title='bbox 752 1017 811 1083; x_wconf 83' lang='lat' dir='ltr'><strong>ilio</strong></span> <span class='ocrx_word' id='word_1_56' title='bbox 831 1036 911 1100; x_wconf 88' lang='lat' dir='ltr'><strong>quoe</strong></span> <span class='ocrx_word' id='word_1_57' title='bbox 933 1034 989 1083; x_wconf 91' lang='lat' dir='ltr'><strong>nos</strong></span> <span class='ocrx_word' id='word_1_58' title='bbox 1010 1016 1188 1083; x_wconf 71' lang='lat' dir='ltr'>miserimus</span> <span class='ocrx_word' id='word_1_59' title='bbox 1209 1014 1309 1081; x_wconf 79' lang='lat' dir='ltr'><strong>uerbo</strong></span> <span class='ocrx_word' id='word_1_60' title='bbox 1330 1015 1433 1097; x_wconf 88' lang='lat' dir='ltr'><strong>repel-</strong></span> 
     </span>
     <span class='ocr_line' id='line_1_8' title="bbox 301 1118 1433 1206; baseline -0.003 -18"><span class='ocrx_word' id='word_1_61' title='bbox 301 1124 365 1189; x_wconf 88' lang='lat' dir='ltr'><strong>lere</strong></span> <span class='ocrx_word' id='word_1_62' title='bbox 394 1124 425 1188; x_wconf 90' lang='lat' dir='ltr'><strong>et</strong></span> <span class='ocrx_word' id='word_1_63' title='bbox 452 1140 532 1206; x_wconf 85' lang='lat' dir='ltr'><strong>quoe</strong></span> <span class='ocrx_word' id='word_1_64' title='bbox 554 1140 574 1189; x_wconf 84' lang='lat' dir='ltr'><strong>o</strong></span> <span class='ocrx_word' id='word_1_65' title='bbox 595 1140 628 1187; x_wconf 94' lang='lat' dir='ltr'><strong>se</strong></span> <span class='ocrx_word' id='word_1_66' title='bbox 651 1121 898 1205; x_wconf 81' lang='lat' dir='ltr'><strong>dirigunturud</strong></span> <span class='ocrx_word' id='word_1_67' title='bbox 920 1121 1023 1187; x_wconf 88' lang='lat' dir='ltr'><strong>eordis</strong></span> <span class='ocrx_word' id='word_1_68' title='bbox 1054 1118 1228 1202; x_wconf 69' lang='lat' dir='ltr'><strong>penetolio</strong></span> <span class='ocrx_word' id='word_1_69' title='bbox 1260 1118 1433 1185; x_wconf 72' lang='lat' dir='ltr'><strong>destinare.</strong></span> 
     </span>
     <span class='ocr_line' id='line_1_9' title="bbox 301 1221 1434 1310; baseline -0.006 -18"><span class='ocrx_word' id='word_1_70' title='bbox 301 1228 378 1294; x_wconf 81' lang='lat' dir='ltr'><strong>isoio</strong></span> <span class='ocrx_word' id='word_1_71' title='bbox 397 1243 480 1310; x_wconf 78' lang='lat' dir='ltr'><strong>ergo,</strong></span> <span class='ocrx_word' id='word_1_72' title='bbox 504 1224 677 1292; x_wconf 78' lang='lat' dir='ltr'><strong>uenerande</strong></span> <span class='ocrx_word' id='word_1_73' title='bbox 691 1242 784 1309; x_wconf 85' lang='lat' dir='ltr'><strong>popo,</strong></span> <span class='ocrx_word' id='word_1_74' title='bbox 805 1240 885 1306; x_wconf 85' lang='lat' dir='ltr'><strong>quoe</strong></span> <span class='ocrx_word' id='word_1_75' title='bbox 898 1222 1009 1306; x_wconf 80' lang='lat' dir='ltr'><strong>posuis,</strong></span> <span class='ocrx_word' id='word_1_76' title='bbox 1032 1224 1107 1307; x_wconf 84' lang='lat' dir='ltr'><strong>quie</strong></span> <span class='ocrx_word' id='word_1_77' title='bbox 1120 1221 1268 1307; x_wconf 72' lang='lat' dir='ltr'><strong>grandior</strong></span> <span class='ocrx_word' id='word_1_78' title='bbox 1283 1223 1335 1289; x_wconf 90' lang='lat' dir='ltr'><strong>eet</strong></span> <span class='ocrx_word' id='word_1_79' title='bbox 1348 1222 1434 1305; x_wconf 80' lang='lat' dir='ltr'><strong>opud</strong></span> 
     </span>
     <span class='ocr_line' id='line_1_10' title="bbox 301 1325 1435 1414; baseline -0.005 -19"><span class='ocrx_word' id='word_1_80' title='bbox 301 1348 352 1395; x_wconf 89' lang='lat' dir='ltr'><strong>me</strong></span> <span class='ocrx_word' id='word_1_81' title='bbox 384 1330 484 1414; x_wconf 82' lang='lat' dir='ltr'><strong>leguti</strong></span> <span class='ocrx_word' id='word_1_82' title='bbox 517 1346 648 1414; x_wconf 72' lang='lat' dir='ltr'><strong>pensem</strong></span> <span class='ocrx_word' id='word_1_83' title='bbox 682 1346 776 1411; x_wconf 86' lang='lat' dir='ltr'><strong>quem</strong></span> <span class='ocrx_word' id='word_1_84' title='bbox 808 1328 949 1411; x_wconf 80' lang='lat' dir='ltr'><strong>potentis</strong></span> <span class='ocrx_word' id='word_1_85' title='bbox 980 1326 1176 1393; x_wconf 75' lang='lat' dir='ltr'><strong>destinantis</strong></span> <span class='ocrx_word' id='word_1_86' title='bbox 1212 1325 1319 1407; x_wconf 88' lang='lat' dir='ltr'><strong>oeoipe</strong></span> <span class='ocrx_word' id='word_1_87' title='bbox 1349 1343 1435 1390; x_wconf 86' lang='lat' dir='ltr'><strong>nuno</strong></span> 
     </span>
     <span class='ocr_line' id='line_1_11' title="bbox 302 1428 1462 1516; baseline -0.004 -19"><span class='ocrx_word' id='word_1_88' title='bbox 302 1433 396 1498; x_wconf 87' lang='lat' dir='ltr'><strong>fidem</strong></span> <span class='ocrx_word' id='word_1_89' title='bbox 418 1434 451 1500; x_wconf 89' lang='lat' dir='ltr'><strong>et</strong></span> <span class='ocrx_word' id='word_1_90' title='bbox 472 1450 527 1515; x_wconf 93' lang='lat' dir='ltr'><strong>pro</strong></span> <span class='ocrx_word' id='word_1_91' title='bbox 548 1432 668 1516; x_wconf 87' lang='lat' dir='ltr'><strong>Nepote</strong></span> <span class='ocrx_word' id='word_1_92' title='bbox 689 1430 851 1515; x_wconf 76' lang='lat' dir='ltr'><strong>pollicere,</strong></span> <span class='ocrx_word' id='word_1_93' title='bbox 881 1430 964 1513; x_wconf 89' lang='lat' dir='ltr'><strong>quod</strong></span> <span class='ocrx_word' id='word_1_94' title='bbox 985 1434 1090 1496; x_wconf 88' lang='lat' dir='ltr'><strong>seruet</strong></span> <span class='ocrx_word' id='word_1_95' title='bbox 1110 1428 1333 1495; x_wconf 77' lang='lat' dir='ltr'><strong>intemeratum</strong></span> <span class='ocrx_word' id='word_1_96' title='bbox 1357 1446 1462 1493; x_wconf 81' lang='lat' dir='ltr'><strong>oon-o</strong></span> 
     </span>
     <span class='ocr_line' id='line_1_12' title="bbox 300 1532 1432 1619; baseline -0.003 -20"><span class='ocrx_word' id='word_1_97' title='bbox 300 1534 454 1614; x_wconf 81' lang='lat' dir='ltr'><strong>cordium,</strong></span> <span class='ocrx_word' id='word_1_98' title='bbox 483 1536 629 1619; x_wconf 84' lang='lat' dir='ltr'><strong>quonium</strong></span> <span class='ocrx_word' id='word_1_99' title='bbox 651 1537 682 1599; x_wconf 87' lang='lat' dir='ltr'><strong>to</strong></span> <span class='ocrx_word' id='word_1_100' title='bbox 703 1532 882 1616; x_wconf 78' lang='lat' dir='ltr'><strong>promisisse</strong></span> <span class='ocrx_word' id='word_1_101' title='bbox 903 1534 1023 1599; x_wconf 79' lang='lat' dir='ltr'><strong>iurasse</strong></span> <span class='ocrx_word' id='word_1_102' title='bbox 1044 1534 1121 1601; x_wconf 85' lang='lat' dir='ltr'><strong>est”.</strong></span> <span class='ocrx_word' id='word_1_103' title='bbox 1154 1532 1206 1598; x_wconf 90' lang='lat' dir='ltr'><strong>his</strong></span> <span class='ocrx_word' id='word_1_104' title='bbox 1228 1532 1326 1598; x_wconf 88' lang='lat' dir='ltr'><strong>dietis</strong></span> <span class='ocrx_word' id='word_1_105' title='bbox 1351 1532 1432 1597; x_wconf 84' lang='lat' dir='ltr'><strong>inito</strong></span> 
     </span>
     <span class='ocr_line' id='line_1_13' title="bbox 301 1634 1430 1720; baseline -0.004 -16"><span class='ocrx_word' id='word_1_106' title='bbox 301 1640 399 1704; x_wconf 83' lang='lat' dir='ltr'><strong>etiem</strong></span> <span class='ocrx_word' id='word_1_107' title='bbox 420 1639 572 1720; x_wconf 85' lang='lat' dir='ltr'><strong>poetionis</strong></span> <span class='ocrx_word' id='word_1_108' title='bbox 594 1636 718 1703; x_wconf 70' lang='lat' dir='ltr'><strong>mnouio</strong></span> <span class='ocrx_word' id='word_1_109' title='bbox 740 1636 894 1701; x_wconf 87' lang='lat' dir='ltr'><strong>uerendus</strong></span> <span class='ocrx_word' id='word_1_110' title='bbox 915 1634 1055 1718; x_wconf 81' lang='lat' dir='ltr'><strong>pontifex</strong></span> <span class='ocrx_word' id='word_1_111' title='bbox 1076 1637 1147 1702; x_wconf 87' lang='lat' dir='ltr'><strong>nole</strong></span> <span class='ocrx_word' id='word_1_112' title='bbox 1163 1636 1249 1701; x_wconf 87' lang='lat' dir='ltr'><strong>dieto</strong></span> <span class='ocrx_word' id='word_1_113' title='bbox 1270 1635 1430 1701; x_wconf 68' lang='lat' dir='ltr'><strong>dueoeoit</strong></span> 
     </span>
     <span class='ocr_line' id='line_1_14' title="bbox 301 1738 1432 1825; baseline -0.004 -18"><span class='ocrx_word' id='word_1_114' title='bbox 301 1742 341 1807; x_wconf 87' lang='lat' dir='ltr'><strong>ed</strong></span> <span class='ocrx_word' id='word_1_115' title='bbox 364 1758 456 1825; x_wconf 87' lang='lat' dir='ltr'><strong>quem</strong></span> <span class='ocrx_word' id='word_1_116' title='bbox 478 1741 588 1805; x_wconf 85' lang='lat' dir='ltr'><strong>stetim</strong></span> <span class='ocrx_word' id='word_1_117' title='bbox 610 1741 806 1824; x_wconf 72' lang='lat' dir='ltr'><strong>precatorum</strong></span> <span class='ocrx_word' id='word_1_118' title='bbox 836 1738 929 1805; x_wconf 88' lang='lat' dir='ltr'><strong>turbo</strong></span> <span class='ocrx_word' id='word_1_119' title='bbox 955 1740 1118 1823; x_wconf 75' lang='lat' dir='ltr'><strong>dirigitur,</strong></span> <span class='ocrx_word' id='word_1_120' title='bbox 1150 1740 1188 1804; x_wconf 92' lang='lat' dir='ltr'><strong>ut</strong></span> <span class='ocrx_word' id='word_1_121' title='bbox 1210 1742 1361 1803; x_wconf 79' lang='lat' dir='ltr'><strong>secuturo</strong></span> <span class='ocrx_word' id='word_1_122' title='bbox 1384 1738 1432 1804; x_wconf 85' lang='lat' dir='ltr'><strong>die</strong></span> 
     </span>
     <span class='ocr_line' id='line_1_15' title="bbox 302 1842 1432 1929; baseline -0.004 -19"><span class='ocrx_word' id='word_1_123' title='bbox 302 1844 384 1929; x_wconf 76' lang='lat' dir='ltr'><strong>regis</strong></span> <span class='ocrx_word' id='word_1_124' title='bbox 406 1844 506 1925; x_wconf 88' lang='lat' dir='ltr'><strong>epulis</strong></span> <span class='ocrx_word' id='word_1_125' title='bbox 529 1843 710 1926; x_wconf 76' lang='lat' dir='ltr'><strong>interesset,</strong></span> <span class='ocrx_word' id='word_1_126' title='bbox 741 1860 835 1925; x_wconf 89' lang='lat' dir='ltr'><strong>quem</strong></span> <span class='ocrx_word' id='word_1_127' title='bbox 861 1842 917 1909; x_wconf 90' lang='lat' dir='ltr'><strong>ille</strong></span> <span class='ocrx_word' id='word_1_128' title='bbox 946 1843 1011 1907; x_wconf 81' lang='lat' dir='ltr'><strong>iem</strong></span> <span class='ocrx_word' id='word_1_129' title='bbox 1031 1843 1214 1924; x_wconf 84' lang='lat' dir='ltr'><strong>oonporerot</strong></span> <span class='ocrx_word' id='word_1_130' title='bbox 1235 1843 1355 1926; x_wconf 78' lang='lat' dir='ltr'><strong>iugiter</strong></span> <span class='ocrx_word' id='word_1_131' title='bbox 1378 1860 1432 1926; x_wconf 88' lang='lat' dir='ltr'><strong>per</strong></span> 
     </span>
     <span class='ocr_line' id='line_1_16' title="bbox 302 1942 1458 2028; baseline -0.007 -15"><span class='ocrx_word' id='word_1_132' title='bbox 302 1946 475 2013; x_wconf 85' lang='lat' dir='ltr'><strong>souerdotes</strong></span> <span class='ocrx_word' id='word_1_133' title='bbox 498 1964 569 2011; x_wconf 89' lang='lat' dir='ltr'><strong>suos</strong></span> <span class='ocrx_word' id='word_1_134' title='bbox 591 1946 714 2028; x_wconf 81' lang='lat' dir='ltr'><strong>polluto</strong></span> <span class='ocrx_word' id='word_1_135' title='bbox 728 1945 841 2011; x_wconf 85' lang='lat' dir='ltr'><strong>hebere</strong></span> <span class='ocrx_word' id='word_1_136' title='bbox 856 1945 1016 2010; x_wconf 85' lang='lat' dir='ltr'><strong>oonuiuio:</strong></span> <span class='ocrx_word' id='word_1_137' title='bbox 1039 1945 1090 2009; x_wconf 88' lang='lat' dir='ltr'><strong>oui</strong></span> <span class='ocrx_word' id='word_1_138' title='bbox 1104 1943 1267 2010; x_wconf 80' lang='lat' dir='ltr'><strong>exeusuuit</strong></span> <span class='ocrx_word' id='word_1_139' title='bbox 1288 1942 1458 2027; x_wconf 71' lang='lat' dir='ltr'><strong>diritqmo</strong></span> 
     </span>
     <span class='ocr_line' id='line_1_17' title="bbox 303 2047 1431 2131; baseline -0.002 -17"><span class='ocrx_word' id='word_1_140' title='bbox 303 2049 365 2115; x_wconf 88' lang='lat' dir='ltr'><strong>eibi</strong></span> <span class='ocrx_word' id='word_1_141' title='bbox 395 2066 457 2114; x_wconf 89' lang='lat' dir='ltr'><strong>uon</strong></span> <span class='ocrx_word' id='word_1_142' title='bbox 491 2066 557 2112; x_wconf 89' lang='lat' dir='ltr'><strong>esse</strong></span> <span class='ocrx_word' id='word_1_143' title='bbox 585 2047 620 2113; x_wconf 90' lang='lat' dir='ltr'><strong>in</strong></span> <span class='ocrx_word' id='word_1_144' title='bbox 650 2065 735 2113; x_wconf 87' lang='lat' dir='ltr'><strong>more</strong></span> <span class='ocrx_word' id='word_1_145' title='bbox 768 2047 907 2130; x_wconf 86' lang='lat' dir='ltr'><strong>positum</strong></span> <span class='ocrx_word' id='word_1_146' title='bbox 939 2047 1052 2113; x_wconf 80' lang='lat' dir='ltr'><strong>olienis</strong></span> <span class='ocrx_word' id='word_1_147' title='bbox 1084 2048 1253 2130; x_wconf 77' lang='lat' dir='ltr'><strong>eliquanto</strong></span> <span class='ocrx_word' id='word_1_148' title='bbox 1285 2048 1431 2131; x_wconf 67' lang='lat' dir='ltr'><strong>prandiis</strong></span> 
     </span>
     <span class='ocr_line' id='line_1_18' title="bbox 303 2150 1431 2234; baseline -0.002 -17"><span class='ocrx_word' id='word_1_149' title='bbox 303 2152 400 2228; x_wconf 82' lang='lat' dir='ltr'><strong>uesoi,</strong></span> <span class='ocrx_word' id='word_1_150' title='bbox 434 2150 579 2233; x_wconf 88' lang='lat' dir='ltr'><strong>perendie</strong></span> <span class='ocrx_word' id='word_1_151' title='bbox 608 2168 642 2215; x_wconf 91' lang='lat' dir='ltr'><strong>se</strong></span> <span class='ocrx_word' id='word_1_152' title='bbox 674 2151 775 2233; x_wconf 83' lang='lat' dir='ltr'><strong>mugio</strong></span> <span class='ocrx_word' id='word_1_153' title='bbox 808 2150 890 2215; x_wconf 88' lang='lat' dir='ltr'><strong>nelle</strong></span> <span class='ocrx_word' id='word_1_154' title='bbox 918 2150 1079 2234; x_wconf 86' lang='lat' dir='ltr'><strong>protioisei.</strong></span> <span class='ocrx_word' id='word_1_155' title='bbox 1111 2153 1192 2233; x_wconf 88' lang='lat' dir='ltr'><strong>quod</strong></span> <span class='ocrx_word' id='word_1_156' title='bbox 1220 2150 1431 2215; x_wconf 80' lang='lat' dir='ltr'><strong>constitutum</strong></span> 
     </span>
     <span class='ocr_line' id='line_1_19' title="bbox 302 2247 1430 2337; baseline -0.001 -17"><span class='ocrx_word' id='word_1_157' title='bbox 302 2252 473 2320; x_wconf 76' lang='lat' dir='ltr'><strong>maturauit</strong></span> <span class='ocrx_word' id='word_1_158' title='bbox 508 2252 639 2337; x_wconf 88' lang='lat' dir='ltr'><strong>implere</strong></span> <span class='ocrx_word' id='word_1_159' title='bbox 671 2255 703 2317; x_wconf 91' lang='lat' dir='ltr'><strong>et</strong></span> <span class='ocrx_word' id='word_1_160' title='bbox 731 2247 887 2318; x_wconf 77' lang='lat' dir='ltr'><strong>Tolosem‘</strong></span> <span class='ocrx_word' id='word_1_161' title='bbox 906 2253 1001 2318; x_wconf 63' lang='lat' dir='ltr'><strong>teum</strong></span> <span class='ocrx_word' id='word_1_162' title='bbox 1031 2252 1257 2321; x_wconf 71' lang='lat' dir='ltr'><strong>eomitantibus</strong></span> <span class='ocrx_word' id='word_1_163' title='bbox 1285 2270 1430 2337; x_wconf 76' lang='lat' dir='ltr'><strong>egressus</strong></span> 
     </span>
     <span class='ocr_line' id='line_1_20' title="bbox 302 2357 1430 2441; baseline -0.001 -18"><span class='ocrx_word' id='word_1_164' title='bbox 302 2362 363 2437; x_wconf 84' lang='lat' dir='ltr'><strong>est,</strong></span> <span class='ocrx_word' id='word_1_165' title='bbox 396 2360 434 2424; x_wconf 90' lang='lat' dir='ltr'><strong>ut</strong></span> <span class='ocrx_word' id='word_1_166' title='bbox 463 2374 559 2441; x_wconf 79' lang='lat' dir='ltr'><strong>poene</strong></span> <span class='ocrx_word' id='word_1_167' title='bbox 592 2361 715 2426; x_wconf 85' lang='lat' dir='ltr'><strong>deserto</strong></span> <span class='ocrx_word' id='word_1_168' title='bbox 744 2358 819 2423; x_wconf 89' lang='lat' dir='ltr'><strong>urbs</strong></span> <span class='ocrx_word' id='word_1_169' title='bbox 848 2357 1025 2425; x_wconf 62' lang='lat' dir='ltr'><strong>dumento</strong></span> <span class='ocrx_word' id='word_1_170' title='bbox 1054 2359 1162 2423; x_wconf 89' lang='lat' dir='ltr'><strong>nostro</strong></span> <span class='ocrx_word' id='word_1_171' title='bbox 1188 2358 1337 2440; x_wconf 85' lang='lat' dir='ltr'><strong>pontifiee</strong></span> <span class='ocrx_word' id='word_1_172' title='bbox 1367 2375 1430 2424; x_wconf 85' lang='lat' dir='ltr'><strong>eor·</strong></span> 
     </span>
     <span class='ocr_line' id='line_1_21' title="bbox 303 2458 1457 2536; baseline 0.003 -13"><span class='ocrx_word' id='word_1_173' title='bbox 303 2464 437 2525; x_wconf 87' lang='lat' dir='ltr'><strong>neretur.</strong></span> <span class='ocrx_word' id='word_1_174' title='bbox 464 2462 570 2527; x_wconf 70' lang='lat' dir='ltr'><strong>tuntoe</strong></span> <span class='ocrx_word' id='word_1_175' title='bbox 593 2458 676 2526; x_wconf 86' lang='lat' dir='ltr'><strong>eninr</strong></span> <span class='ocrx_word' id='word_1_176' title='bbox 699 2459 733 2523; x_wconf 90' lang='lat' dir='ltr'><strong>in</strong></span> <span class='ocrx_word' id='word_1_177' title='bbox 755 2460 845 2525; x_wconf 91' lang='lat' dir='ltr'><strong>breui</strong></span> <span class='ocrx_word' id='word_1_178' title='bbox 865 2460 1047 2526; x_wconf 82' lang='lat' dir='ltr'><strong>deuinxerut</strong></span> <span class='ocrx_word' id='word_1_179' title='bbox 1067 2460 1129 2526; x_wconf 88' lang='lat' dir='ltr'><strong>sibi</strong></span> <span class='ocrx_word' id='word_1_180' title='bbox 1150 2461 1281 2525; x_wconf 70' lang='lat' dir='ltr'><strong>mritete</strong></span> <span class='ocrx_word' id='word_1_181' title='bbox 1295 2459 1457 2536; x_wconf 67' lang='lat' dir='ltr'><strong>sineerue</strong></span> 
     </span>
     <span class='ocr_line' id='line_1_22' title="bbox 304 2562 1429 2648; baseline 0.001 -20"><span class='ocrx_word' id='word_1_182' title='bbox 304 2566 340 2628; x_wconf 91' lang='lat' dir='ltr'><strong>ut</strong></span> <span class='ocrx_word' id='word_1_183' title='bbox 363 2562 578 2648; x_wconf 85' lang='lat' dir='ltr'><strong>oeptiuitetem</strong></span> <span class='ocrx_word' id='word_1_184' title='bbox 600 2563 713 2629; x_wconf 88' lang='lat' dir='ltr'><strong>flerent</strong></span> <span class='ocrx_word' id='word_1_185' title='bbox 734 2582 810 2647; x_wconf 90' lang='lat' dir='ltr'><strong>quos</strong></span> <span class='ocrx_word' id='word_1_186' title='bbox 825 2563 907 2645; x_wconf 88' lang='lat' dir='ltr'><strong>opud</strong></span> <span class='ocrx_word' id='word_1_187' title='bbox 922 2564 1060 2646; x_wconf 82' lang='lat' dir='ltr'><strong>petrium</strong></span> <span class='ocrx_word' id='word_1_188' title='bbox 1078 2580 1237 2629; x_wconf 82' lang='lat' dir='ltr'><strong>remunero</strong></span> <span class='ocrx_word' id='word_1_189' title='bbox 1258 2564 1429 2629; x_wconf 80' lang='lat' dir='ltr'><strong>neeessitus</strong></span> 
     </span>
     <span class='ocr_line' id='line_1_23' title="bbox 302 2666 1431 2752; baseline -0.002 -19"><span class='ocrx_word' id='word_1_190' title='bbox 302 2666 543 2752; x_wconf 71' lang='lat' dir='ltr'><strong>emungebat.</strong></span> <span class='ocrx_word' id='word_1_191' title='bbox 574 2666 645 2733; x_wconf 89' lang='lat' dir='ltr'><strong>iude</strong></span> <span class='ocrx_word' id='word_1_192' title='bbox 668 2670 775 2734; x_wconf 80' lang='lat' dir='ltr'><strong>temen</strong></span> <span class='ocrx_word' id='word_1_193' title='bbox 796 2666 971 2749; x_wconf 78' lang='lat' dir='ltr'><strong>regrediens</strong></span> <span class='ocrx_word' id='word_1_194' title='bbox 991 2666 1119 2751; x_wconf 79' lang='lat' dir='ltr'><strong>singulo</strong></span> <span class='ocrx_word' id='word_1_195' title='bbox 1138 2670 1318 2733; x_wconf 75' lang='lat' dir='ltr'><strong>sanctorum</strong></span> <span class='ocrx_word' id='word_1_196' title='bbox 1339 2666 1431 2734; x_wconf 82' lang='lat' dir='ltr'><strong>huoi·</strong></span> 
     </span>
     <span class='ocr_line' id='line_1_24' title="bbox 303 2770 1431 2850; baseline 0.001 -15"><span class='ocrx_word' id='word_1_197' title='bbox 303 2770 457 2837; x_wconf 88' lang='lat' dir='ltr'><strong>tetionum</strong></span> <span class='ocrx_word' id='word_1_198' title='bbox 478 2772 547 2837; x_wconf 80' lang='lat' dir='ltr'><strong>loon</strong></span> <span class='ocrx_word' id='word_1_199' title='bbox 568 2771 733 2838; x_wconf 78' lang='lat' dir='ltr'><strong>uisitauit:</strong></span> <span class='ocrx_word' id='word_1_200' title='bbox 764 2771 922 2837; x_wconf 83' lang='lat' dir='ltr'><strong>Mediones</strong></span> <span class='ocrx_word' id='word_1_201' title='bbox 943 2771 1071 2850; x_wconf 74' lang='lat' dir='ltr'><strong>insutos</strong></span> <span class='ocrx_word' id='word_1_202' title='bbox 1095 2770 1290 2847; x_wconf 61' lang='lat' dir='ltr'><strong>supensus</strong></span> <span class='ocrx_word' id='word_1_203' title='bbox 1314 2771 1431 2836; x_wconf 81' lang='lat' dir='ltr'><strong>Letum</strong></span> 
     </span>
     <span class='ocr_line' id='line_1_25' title="bbox 303 2873 1430 2958; baseline 0.004 -21"><span class='ocrx_word' id='word_1_204' title='bbox 303 2873 465 2956; x_wconf 84' lang='lat' dir='ltr'><strong>ipsumque</strong></span> <span class='ocrx_word' id='word_1_205' title='bbox 486 2876 641 2941; x_wconf 89' lang='lat' dir='ltr'><strong>nutrioem</strong></span> <span class='ocrx_word' id='word_1_206' title='bbox 656 2892 849 2941; x_wconf 85' lang='lat' dir='ltr'><strong>summorum</strong></span> <span class='ocrx_word' id='word_1_207' title='bbox 863 2876 1019 2942; x_wconf 89' lang='lat' dir='ltr'><strong>montium</strong></span> <span class='ocrx_word' id='word_1_208' title='bbox 1034 2875 1160 2958; x_wconf 81' lang='lat' dir='ltr'><strong>plenum</strong></span> <span class='ocrx_word' id='word_1_209' title='bbox 1174 2874 1325 2943; x_wconf 76' lang='lat' dir='ltr'><strong>Lorium</strong></span> <span class='ocrx_word' id='word_1_210' title='bbox 1339 2874 1430 2951; x_wconf 81' lang='lat' dir='ltr'><strong>odiit,</strong></span> 
     </span>
    </p>
   </div>
   <div class='ocr_carea' id='block_1_3' title="bbox 302 3077 1431 3371">
    <p class='ocr_par' dir='ltr' id='par_1_3' title="bbox 302 3077 1431 3371">
     <span class='ocr_line' id='line_1_26' title="bbox 355 3077 1431 3199; baseline 0.005 -36"><span class='ocrx_word' id='word_1_211' title='bbox 355 3112 368 3163; x_wconf 94' lang='lat'>1</span> <span class='ocrx_word' id='word_1_212' title='bbox 388 3077 479 3199; x_wconf 54' lang='lat' dir='ltr'><strong>tefu‘srn</strong></span> <span class='ocrx_word' id='word_1_213' title='bbox 496 3114 528 3165; x_wconf 84' lang='lat' dir='ltr'><strong>td</strong></span> <span class='ocrx_word' id='word_1_214' title='bbox 549 3113 574 3166; x_wconf 98' lang='lat' dir='ltr'><em>T</em></span> <span class='ocrx_word' id='word_1_215' title='bbox 667 3115 854 3183; x_wconf 60' lang='lat' dir='ltr'><strong>interperetern</strong></span> <span class='ocrx_word' id='word_1_216' title='bbox 872 3113 899 3169; x_wconf 99' lang='lat' dir='ltr'><strong><em>L</em></strong></span> <span class='ocrx_word' id='word_1_217' title='bbox 993 3114 1114 3170; x_wconf 69' lang='lat' dir='ltr'><strong>dlutius</strong></span> <span class='ocrx_word' id='word_1_218' title='bbox 1131 3116 1170 3170; x_wconf 69' lang='grc' dir='ltr'><strong>Βι</strong></span> <span class='ocrx_word' id='word_1_219' title='bbox 1266 3116 1313 3169; x_wconf 79' lang='lat' dir='ltr'><strong>uin</strong></span> <span class='ocrx_word' id='word_1_220' title='bbox 1330 3132 1368 3171; x_wconf 72' lang='lat' dir='ltr'><strong>ee:</strong></span> <span class='ocrx_word' id='word_1_221' title='bbox 1387 3132 1431 3170; x_wconf 82' lang='lat' dir='ltr'><strong>rer</strong></span> 
     </span>
     <span class='ocr_line' id='line_1_27' title="bbox 306 3213 1428 3287; baseline 0.007 -21"><span class='ocrx_word' id='word_1_222' title='bbox 306 3214 331 3267; x_wconf 90' lang='lat' dir='ltr'><em>T</em></span> <span class='ocrx_word' id='word_1_223' title='bbox 430 3213 557 3270; x_wconf 72' lang='lat' dir='ltr'><strong>adsiduae</strong></span> <span class='ocrx_word' id='word_1_224' title='bbox 580 3217 608 3271; x_wconf 97' lang='grc' dir='ltr'><strong><em>Β</em></strong></span> <span class='ocrx_word' id='word_1_225' title='bbox 709 3216 833 3273; x_wconf 82' lang='lat' dir='ltr'><strong>includet</strong></span> <span class='ocrx_word' id='word_1_226' title='bbox 847 3221 957 3285; x_wconf 71' lang='lat' dir='ltr'><strong>perotus</strong></span> <span class='ocrx_word' id='word_1_227' title='bbox 983 3219 1049 3275; x_wconf 80' lang='lat' dir='ltr'><strong>Tot</strong></span> <span class='ocrx_word' id='word_1_228' title='bbox 1066 3218 1193 3274; x_wconf 76' lang='lat' dir='ltr'><strong>Setottrso</strong></span> <span class='ocrx_word' id='word_1_229' title='bbox 1295 3219 1428 3287; x_wconf 80' lang='lat' dir='ltr'><strong>&#39;doordisl</strong></span> 
     </span>
     <span class='ocr_line' id='line_1_28' title="bbox 302 3298 1364 3371; baseline 0.007 -19"><span class='ocrx_word' id='word_1_230' title='bbox 302 3298 390 3353; x_wconf 63' lang='lat' dir='ltr'><strong>medis</strong></span> <span class='ocrx_word' id='word_1_231' title='bbox 409 3298 492 3355; x_wconf 73' lang='lat' dir='ltr'><strong>Sim.</strong></span> <span class='ocrx_word' id='word_1_232' title='bbox 587 3302 732 3371; x_wconf 82' lang='lat' dir='ltr'><strong>ponitruliu</strong></span> <span class='ocrx_word' id='word_1_233' title='bbox 750 3304 778 3358; x_wconf 92' lang='grc' dir='ltr'><strong><em>Β</em></strong></span> <span class='ocrx_word' id='word_1_234' title='bbox 872 3303 1067 3359; x_wconf 76' lang='lat' dir='ltr'><strong>duenerendee</strong></span> <span class='ocrx_word' id='word_1_235' title='bbox 1080 3304 1115 3371; x_wconf 91' lang='grc' dir='ltr'><strong>Β,</strong></span> <span class='ocrx_word' id='word_1_236' title='bbox 1142 3304 1291 3359; x_wconf 72' lang='lat' dir='ltr'><strong>uenerande</strong></span> <span class='ocrx_word' id='word_1_237' title='bbox 1305 3304 1364 3360; x_wconf 97' lang='lat' dir='ltr'><strong>LV</strong></span> 
     </span>
    </p>
   </div>
   <div class='ocr_carea' id='block_1_4' title="bbox 304 3396 1361 3511">
    <p class='ocr_par' dir='ltr' id='par_1_4' title="bbox 304 3396 1361 3511">
     <span class='ocr_line' id='line_1_29' title="bbox 304 3396 1361 3511; baseline 0.004 -36"><span class='ocrx_word' id='word_1_238' title='bbox 304 3420 334 3475; x_wconf 95' lang='lat' dir='ltr'><strong>ll</strong></span> <span class='ocrx_word' id='word_1_239' title='bbox 359 3403 411 3489; x_wconf 67' lang='lat' dir='ltr'><strong>qno</strong></span> <span class='ocrx_word' id='word_1_240' title='bbox 433 3419 496 3487; x_wconf 87' lang='lat' dir='ltr'><strong>LV,</strong></span> <span class='ocrx_word' id='word_1_241' title='bbox 525 3406 561 3492; x_wconf 71' lang='lat' dir='ltr'><strong>(su</strong></span> <span class='ocrx_word' id='word_1_242' title='bbox 586 3424 623 3487; x_wconf 93' lang='lat' dir='ltr'><strong>T,</strong></span> <span class='ocrx_word' id='word_1_243' title='bbox 653 3422 760 3493; x_wconf 80' lang='lat' dir='ltr'><strong>quondo</strong></span> <span class='ocrx_word' id='word_1_244' title='bbox 787 3424 870 3479; x_wconf 74' lang='lat' dir='ltr'><strong>Sim.</strong></span> <span class='ocrx_word' id='word_1_245' title='bbox 977 3425 1107 3495; x_wconf 84' lang='lat' dir='ltr'><strong>promisee</strong></span> <span class='ocrx_word' id='word_1_246' title='bbox 1132 3424 1160 3478; x_wconf 91' lang='grc' dir='ltr'><strong><em>Β</em></strong></span> <span class='ocrx_word' id='word_1_247' title='bbox 1262 3396 1306 3511; x_wconf 66' lang='lat' dir='ltr'><strong>hi}</strong></span> <span class='ocrx_word' id='word_1_248' title='bbox 1332 3426 1361 3480; x_wconf 93' lang='grc' dir='ltr'><strong><em>Β</em></strong></span> 
     </span>
    </p>
   </div>
   <div class='ocr_carea' id='block_1_5' title="bbox 302 3523 1361 3709">
    <p class='ocr_par' dir='ltr' id='par_1_5' title="bbox 302 3523 1361 3709">
     <span class='ocr_line' id='line_1_30' title="bbox 304 3523 1359 3595; baseline 0.006 -17"><span class='ocrx_word' id='word_1_249' title='bbox 304 3524 336 3578; x_wconf 80' lang='grc'><strong>12</strong></span> <span class='ocrx_word' id='word_1_250' title='bbox 354 3523 488 3579; x_wconf 80' lang='lat' dir='ltr'><strong>uslediotu</strong></span> <span class='ocrx_word' id='word_1_251' title='bbox 505 3525 548 3595; x_wconf 95' lang='grc' dir='ltr'><strong>Β,</strong></span> <span class='ocrx_word' id='word_1_252' title='bbox 576 3524 710 3581; x_wconf 77' lang='lat' dir='ltr'><strong>unledieto</strong></span> <span class='ocrx_word' id='word_1_253' title='bbox 728 3525 801 3582; x_wconf 87' lang='lat' dir='ltr'><strong>dioto</strong></span> <span class='ocrx_word' id='word_1_254' title='bbox 825 3529 850 3583; x_wconf 93' lang='lat' dir='ltr'><em>T</em></span> <span class='ocrx_word' id='word_1_255' title='bbox 950 3528 1061 3583; x_wconf 86' lang='lat' dir='ltr'><strong>dioeesit</strong></span> <span class='ocrx_word' id='word_1_256' title='bbox 1085 3529 1112 3583; x_wconf 92' lang='lat' dir='ltr'><em>T</em></span> <span class='ocrx_word' id='word_1_257' title='bbox 1211 3529 1245 3583; x_wconf 79' lang='lat'><strong>13</strong></span> <span class='ocrx_word' id='word_1_258' title='bbox 1267 3533 1298 3583; x_wconf 80' lang='lat' dir='ltr'><strong>ut</strong></span> <span class='ocrx_word' id='word_1_259' title='bbox 1320 3529 1359 3584; x_wconf 86' lang='lat' dir='ltr'><strong>L¹</strong></span> 
     </span>
     <span class='ocr_line' id='line_1_31' title="bbox 302 3610 1361 3709; baseline 0.005 -46"><span class='ocrx_word' id='word_1_260' title='bbox 302 3614 483 3679; x_wconf 79' lang='lat' dir='ltr'><strong>proeootorum</strong></span> <span class='ocrx_word' id='word_1_261' title='bbox 502 3610 529 3665; x_wconf 92' lang='grc' dir='ltr'><strong><em>Β</em></strong></span> <span class='ocrx_word' id='word_1_262' title='bbox 577 3678 596 3709; x_wconf 75' lang='lat' dir='ltr'><strong>u</strong></span> <span class='ocrx_word' id='word_1_263' title='bbox 614 3614 734 3666; x_wconf 86' lang='lat' dir='ltr'><strong>secuturo</strong></span> <span class='ocrx_word' id='word_1_264' title='bbox 752 3612 780 3666; x_wconf 92' lang='grc' dir='ltr'><strong><em>Β</em></strong></span> <span class='ocrx_word' id='word_1_265' title='bbox 871 3613 906 3668; x_wconf 82' lang='lat'><strong>14</strong></span> <span class='ocrx_word' id='word_1_266' title='bbox 922 3612 1025 3682; x_wconf 81' lang='lat' dir='ltr'><strong>sepelis</strong></span> <span class='ocrx_word' id='word_1_267' title='bbox 1043 3613 1071 3667; x_wconf 92' lang='grc' dir='ltr'><strong><em>Β</em></strong></span> <span class='ocrx_word' id='word_1_268' title='bbox 1157 3614 1190 3667; x_wconf 84' lang='grc'><strong>15</strong></span> <span class='ocrx_word' id='word_1_269' title='bbox 1207 3614 1315 3682; x_wconf 76' lang='lat' dir='ltr'><strong>pullutu</strong></span> <span class='ocrx_word' id='word_1_270' title='bbox 1331 3614 1361 3667; x_wconf 93' lang='grc' dir='ltr'><strong><em>Β</em></strong></span> 
     </span>
    </p>
   </div>
   <div class='ocr_carea' id='block_1_6' title="bbox 301 3700 1426 4297">
    <p class='ocr_par' dir='ltr' id='par_1_6' title="bbox 301 3700 1426 4297">
     <span class='ocr_line' id='line_1_32' title="bbox 301 3700 1426 3784; baseline 0.004 -18"><span class='ocrx_word' id='word_1_271' title='bbox 301 3712 415 3768; x_wconf 85' lang='lat' dir='ltr'><strong>oouuiuu</strong></span> <span class='ocrx_word' id='word_1_272' title='bbox 432 3713 469 3780; x_wconf 89' lang='grc' dir='ltr'><strong>Β,</strong></span> <span class='ocrx_word' id='word_1_273' title='bbox 497 3713 593 3768; x_wconf 86' lang='lat' dir='ltr'><strong>eonuie</strong></span> <span class='ocrx_word' id='word_1_274' title='bbox 615 3712 641 3768; x_wconf 94' lang='lat' dir='ltr'><strong><em>V</em></strong></span> <span class='ocrx_word' id='word_1_275' title='bbox 725 3714 876 3769; x_wconf 80' lang='lat' dir='ltr'><strong>exouesuuit</strong></span> <span class='ocrx_word' id='word_1_276' title='bbox 894 3716 921 3769; x_wconf 91' lang='grc' dir='ltr'><strong><em>Β</em></strong></span> <span class='ocrx_word' id='word_1_277' title='bbox 1010 3713 1043 3769; x_wconf 87' lang='grc'><strong>16</strong></span> <span class='ocrx_word' id='word_1_278' title='bbox 1061 3700 1103 3769; x_wconf 68' lang='lat' dir='ltr'><strong>nee</strong></span> <span class='ocrx_word' id='word_1_279' title='bbox 1120 3714 1148 3769; x_wconf 95' lang='lat' dir='ltr'><strong><em>L</em></strong></span> <span class='ocrx_word' id='word_1_280' title='bbox 1251 3714 1283 3769; x_wconf 78' lang='lat'><strong>17</strong></span> <span class='ocrx_word' id='word_1_281' title='bbox 1301 3716 1374 3770; x_wconf 85' lang='lat' dir='ltr'><strong>ueoei</strong></span> <span class='ocrx_word' id='word_1_282' title='bbox 1393 3716 1426 3784; x_wconf 87' lang='lat' dir='ltr'><strong>p]</strong></span> 
     </span>
     <span class='ocr_line' id='line_1_33' title="bbox 302 3800 1425 3869; baseline 0.004 -18"><span class='ocrx_word' id='word_1_283' title='bbox 302 3814 348 3851; x_wconf 88' lang='lat' dir='ltr'><strong>ues</strong></span> <span class='ocrx_word' id='word_1_284' title='bbox 371 3800 494 3867; x_wconf 83' lang='lat' dir='ltr'><strong>perendie</strong></span> <span class='ocrx_word' id='word_1_285' title='bbox 516 3800 557 3867; x_wconf 89' lang='grc' dir='ltr'><strong>Β,</strong></span> <span class='ocrx_word' id='word_1_286' title='bbox 584 3816 692 3869; x_wconf 87' lang='lat' dir='ltr'><strong>uespere</strong></span> <span class='ocrx_word' id='word_1_287' title='bbox 717 3800 843 3856; x_wconf 77' lang='lat' dir='ltr'><strong>Sodottoe</strong></span> <span class='ocrx_word' id='word_1_288' title='bbox 946 3802 979 3855; x_wconf 87' lang='lat'><strong>18</strong></span> <span class='ocrx_word' id='word_1_289' title='bbox 1001 3800 1174 3855; x_wconf 69' lang='lat' dir='ltr'><strong>eomitatibus</strong></span> <span class='ocrx_word' id='word_1_290' title='bbox 1199 3800 1225 3855; x_wconf 93' lang='lat' dir='ltr'><em>T</em></span> <span class='ocrx_word' id='word_1_291' title='bbox 1323 3802 1359 3855; x_wconf 66' lang='grc' dir='ltr'><strong>Β)</strong></span> <span class='ocrx_word' id='word_1_292' title='bbox 1383 3803 1425 3856; x_wconf 78' lang='lat' dir='ltr'><strong>de-</strong></span> 
     </span>
     <span class='ocr_line' id='line_1_34' title="bbox 301 3885 1425 3954; baseline 0.007 -18"><span class='ocrx_word' id='word_1_293' title='bbox 301 3886 438 3939; x_wconf 73' lang='lat' dir='ltr'><strong>uiuerent</strong></span> <span class='ocrx_word' id='word_1_294' title='bbox 456 3885 541 3941; x_wconf 88' lang='lat' dir='ltr'><strong>BLV</strong></span> <span class='ocrx_word' id='word_1_295' title='bbox 641 3886 676 3940; x_wconf 76' lang='lat'><strong>22</strong></span> <span class='ocrx_word' id='word_1_296' title='bbox 697 3890 866 3941; x_wconf 58' lang='lat' dir='ltr'><strong>mouentum</strong></span> <span class='ocrx_word' id='word_1_297' title='bbox 887 3886 913 3941; x_wconf 90' lang='grc' dir='ltr'><strong><em>Β</em></strong></span> <span class='ocrx_word' id='word_1_298' title='bbox 1014 3886 1048 3941; x_wconf 80' lang='grc'><strong>23</strong></span> <span class='ocrx_word' id='word_1_299' title='bbox 1065 3886 1228 3941; x_wconf 78' lang='lat' dir='ltr'><strong>Stoeehudus</strong></span> <span class='ocrx_word' id='word_1_300' title='bbox 1246 3888 1315 3943; x_wconf 78' lang='lat' dir='ltr'><strong>oorrs&#39;.</strong></span> <span class='ocrx_word' id='word_1_301' title='bbox 1333 3888 1425 3954; x_wconf 68' lang='lat' dir='ltr'><strong>Sim„</strong></span> 
     </span>
     <span class='ocr_line' id='line_1_35' title="bbox 301 3968 1425 4043; baseline 0.006 -21"><span class='ocrx_word' id='word_1_302' title='bbox 301 3968 424 4036; x_wconf 77' lang='lat' dir='ltr'><strong>eyolndus</strong></span> <span class='ocrx_word' id='word_1_303' title='bbox 453 3971 542 4039; x_wconf 87' lang='lat' dir='ltr'><strong><em>BLV,</em></strong></span> <span class='ocrx_word' id='word_1_304' title='bbox 572 3972 687 4027; x_wconf 78' lang='lat' dir='ltr'><strong>oieludes</strong></span> <span class='ocrx_word' id='word_1_305' title='bbox 716 3974 741 4028; x_wconf 91' lang='lat' dir='ltr'><em>T</em></span> <span class='ocrx_word' id='word_1_306' title='bbox 857 3972 893 4027; x_wconf 78' lang='lat'><strong>24</strong></span> <span class='ocrx_word' id='word_1_307' title='bbox 918 3973 1051 4027; x_wconf 78' lang='lat' dir='ltr'><strong>montium</strong></span> <span class='ocrx_word' id='word_1_308' title='bbox 1074 3974 1093 4026; x_wconf 78' lang='lat' dir='ltr'><strong>i.</strong></span> <span class='ocrx_word' id='word_1_309' title='bbox 1112 3990 1135 4028; x_wconf 83' lang='lat' dir='ltr'><strong>e.</strong></span> <span class='ocrx_word' id='word_1_310' title='bbox 1157 3973 1361 4043; x_wconf 76' lang='lat' dir='ltr'><strong>epiouoporeoor5</strong></span> <span class='ocrx_word' id='word_1_311' title='bbox 1391 3975 1425 4041; x_wconf 67' lang='lat' dir='ltr'><strong>el.</strong></span> 
     </span>
     <span class='ocr_line' id='line_1_36' title="bbox 306 4053 1424 4129; baseline 0.007 -22"><span class='ocrx_word' id='word_1_312' title='bbox 306 4053 431 4109; x_wconf 66' lang='lat' dir='ltr'><strong>omaro</strong></span> <span class='ocrx_word' id='word_1_313' title='bbox 447 4057 525 4114; x_wconf 80' lang='lat' dir='ltr'><strong>Aret.</strong></span> <span class='ocrx_word' id='word_1_314' title='bbox 542 4058 711 4127; x_wconf 62' lang='lat' dir='ltr'><strong>Hemitddr</strong></span> <span class='ocrx_word' id='word_1_315' title='bbox 740 4057 816 4112; x_wconf 80' lang='lat' dir='ltr'><strong>boote</strong></span> <span class='ocrx_word' id='word_1_316' title='bbox 838 4060 865 4111; x_wconf 90' lang='lat' dir='ltr'><strong>et</strong></span> <span class='ocrx_word' id='word_1_317' title='bbox 888 4058 952 4113; x_wconf 83' lang='lat' dir='ltr'><strong>felix</strong></span> <span class='ocrx_word' id='word_1_318' title='bbox 972 4058 1062 4113; x_wconf 80' lang='lat' dir='ltr'><strong>insule</strong></span> <span class='ocrx_word' id='word_1_319' title='bbox 1084 4058 1249 4124; x_wconf 68' lang='lat' dir='ltr'><strong>laurinensis,</strong></span> <span class='ocrx_word' id='word_1_320' title='bbox 1277 4075 1344 4129; x_wconf 78' lang='lat' dir='ltr'><strong>quoe</strong></span> <span class='ocrx_word' id='word_1_321' title='bbox 1366 4076 1424 4115; x_wconf 80' lang='lat' dir='ltr'><strong>oum</strong></span> 
     </span>
     <span class='ocr_line' id='line_1_37' title="bbox 302 4142 1423 4210; baseline 0.008 -18"><span class='ocrx_word' id='word_1_322' title='bbox 302 4153 385 4208; x_wconf 77' lang='lat' dir='ltr'><strong>perun</strong></span> <span class='ocrx_word' id='word_1_323' title='bbox 402 4142 430 4194; x_wconf 91' lang='lat' dir='ltr'><strong>et</strong></span> <span class='ocrx_word' id='word_1_324' title='bbox 446 4142 527 4210; x_wconf 76' lang='lat' dir='ltr'><strong>plene</strong></span> <span class='ocrx_word' id='word_1_325' title='bbox 544 4159 600 4198; x_wconf 88' lang='lat' dir='ltr'><strong>esee</strong></span> <span class='ocrx_word' id='word_1_326' title='bbox 618 4142 756 4209; x_wconf 74' lang='lat' dir='ltr'><strong>uideatur,</strong></span> <span class='ocrx_word' id='word_1_327' title='bbox 779 4142 987 4198; x_wconf 67' lang='lat' dir='ltr'><strong>innumerabiles</strong></span> <span class='ocrx_word' id='word_1_328' title='bbox 1009 4148 1099 4199; x_wconf 80' lang='lat' dir='ltr'><strong>temen</strong></span> <span class='ocrx_word' id='word_1_329' title='bbox 1124 4149 1253 4199; x_wconf 82' lang='lat' dir='ltr'><strong>montes</strong></span> <span class='ocrx_word' id='word_1_330' title='bbox 1270 4145 1305 4201; x_wconf 83' lang='lat' dir='ltr'><strong>ud</strong></span> <span class='ocrx_word' id='word_1_331' title='bbox 1323 4148 1423 4201; x_wconf 75' lang='lat' dir='ltr'><strong>eoelum</strong></span> 
     </span>
     <span class='ocr_line' id='line_1_38' title="bbox 304 4224 594 4297; baseline 0.003 -16"><span class='ocrx_word' id='word_1_332' title='bbox 304 4224 408 4281; x_wconf 77' lang='lat' dir='ltr'><strong>misisse</strong></span> <span class='ocrx_word' id='word_1_333' title='bbox 425 4228 594 4297; x_wconf 74' lang='lat' dir='ltr'><strong>eognosoitur</strong></span> 
     </span>
    </p>
   </div>
   <div class='ocr_carea' id='block_1_7' title="bbox 0 0 1502 4967">
    <p class='ocr_par' dir='ltr' id='par_1_7' title="bbox 0 0 1502 4967">
     <span class='ocr_line' id='line_1_39' title="bbox 0 0 1502 4967; baseline 0 0"><span class='ocrx_word' id='word_1_334' title='bbox 0 0 1502 4967; x_wconf 95' lang='lat' dir='ltr'><strong> </strong></span> 
     </span>
    </p>
   </div>
  </div>
 </body>
</html>
