2992 4967
3 10 113 371 „

285 405 326 470 36
684 400 835 457 Uictoris
852 402 1003 458 Uitenois

3 912 4 973 l

283 596 359 677 gata
386 592 569 685 consolatio:
607 593 764 675 ponuntur
790 592 823 655 et
856 592 999 657 custodes
1031 592 1171 674 postibus
1201 596 1233 657 et
1265 594 1407 677 grauiter

284 692 480 779 affligentem
496 696 650 761 iactantur
665 697 855 761 confessores
870 693 986 761 Chnsti
1001 714 1092 778 super
1106 695 1244 761 inuicem
1258 698 1407 780 angustia

285 798 457 875 coartante,
488 817 567 864 unus
593 814 685 879 snper
711 797 822 875 alium,
856 800 892 861 ut
919 797 1046 881 agmine
1072 797 1282 882 lucustarum,
1314 804 1346 863 et
1368 802 1407 863 ut

234 902 406 983 32proprie
428 901 559 978 dicatur,
583 901 620 965 ut
641 916 738 983 grana
759 899 987 982 pretiosissima
1008 900 1244 967 frumentorum.
1280 902 1320 966 Ῑη
1341 920 1405 983 qna

285 1004 509 1086 constipatione
520 1002 679 1069 secedendi
691 1002 730 1067 nd
742 1004 916 1068 naturalem
932 1002 1071 1068 officium
1089 1004 1175 1067 nulla
1189 1005 1267 1069 ratio
1283 1003 1407 1070 sinebat
1427 1027 1441 1066 s

285 1105 358 1189 looi;
381 1108 435 1172 sed
457 1109 593 1172 stercora
614 1110 646 1171 et
669 1108 790 1172 onnam
808 1108 960 1189 urguente
974 1108 1156 1172 necessitate
1170 1106 1289 1171 ibidem
1303 1106 1406 1173 facie·

284 1210 374 1287 bant,
403 1212 438 1275 ut
466 1210 520 1275 ille
549 1212 624 1275 tuuc
646 1209 780 1275 feteret
802 1210 908 1275 horror
931 1209 1078 1275 uniuersa
1098 1226 1266 1292 poenarum
1288 1227 1406 1291 genera

284 1312 452 1395 superaret.
490 1314 541 1379 Ad
563 1329 637 1396 qnos
661 1312 837 1395 aliquando,
861 1312 935 1377 data
956 1313 1097 1396 ingentia
1118 1330 1250 1377 munera
1271 1310 1405 1385 Mauris,

283 1415 507 1481 dormientibus
529 1416 703 1483 Unaudalis
726 1418 777 1482 uix
800 1415 881 1481 clam
904 1416 1044 1481 ammissi
1059 1434 1166 1481 snmus
1188 1416 1315 1482 intrare.
1339 1415 1406 1496 Qui

284 1517 475 1584 introeuntes
503 1518 602 1585 ueluti
629 1519 662 1583 in
691 1517 814 1603 gurgite
843 1520 904 1583 luti
932 1537 1026 1601 osque
1055 1519 1094 1583 ad
1123 1536 1222 1602 genua
1244 1519 1443 1601 coepimusn

284 1622 391 1705 mergi,
422 1621 499 1687 illud
528 1625 603 1687 tnnc
624 1622 800 1687 Hieremiae
821 1621 964 1688 uidentes
996 1621 1091 1688 luisse
1113 1623 1306 1704 conpletum:
1336 1622 1406 1703 qni

283 1724 429 1789 nutriti
457 1726 548 1789 sunt
577 1724 616 1788 in
645 1724 813 1804 croceis,
844 1724 1062 1807 amplexati
1097 1726 1190 1789 sunt
1222 1727 1408 1789 stercora

284 1844 358 1892 sua.
403 1824 483 1906 Quid
516 1825 641 1891 multa?
672 1827 829 1911 praecepti
862 1830 935 1891 sunt
972 1827 1107 1909 undique
1138 1828 1406 1910 perstrepentibus

283 1927 402 1992 Mauris
424 1927 462 1991 ad
484 1928 553 2005 iter,
578 1929 632 1993 nbi
654 1928 799 1996 destinati
822 1930 958 2005 fueraut,
979 1931 1165 2012 praeparari.

232 2052 274 2117 33
330 2048 383 2129 (II,
401 2048 454 2131 11)
468 2048 621 2114 Exeuntes
638 2050 741 2132 itaque
753 2051 802 2116 die
810 2051 965 2117 dominica
979 2052 1072 2115 linita
1094 2049 1243 2115 habentes
1257 2049 1405 2113 stercori·
1415 2072 1442 2112 ιε

284 2150 341 2216 bue
353 2148 549 2229 uestimenta,
566 2152 659 2219 iacies
675 2154 770 2219 simul
785 2158 818 2221 et
829 2156 939 2237 capita,
952 2175 971 2220 a
984 2154 1104 2219 Mauris
1115 2158 1221 2219 tamn
1234 2154 1407 2219 crudeliter

284 2256 496 2335 minabantur,
530 2255 680 2339 hymnum
714 2276 785 2323 cum
818 2260 1004 2324 exultatione
1038 2258 1161 2323 domino
1190 2256 1405 2321 decantantes:

284 2359 377 2424 haec
406 2363 466 2424 est
493 2358 626 2441 gloria
655 2360 834 2426 omnibus
864 2362 1018 2427 sanctis
1046 2360 1138 2425 eius.
1173 2360 1289 2424 Aderat
1319 2362 1406 2424 enim

285 2462 328 2527 ibi
357 2465 432 2527 tunc
463 2462 572 2527 beatus
605 2463 742 2545 pontifex
774 2462 943 2546 Cyprianus
971 2462 1193 2529 Uninibirensis
1226 2462 1404 2543 episcopm,

285 2564 456 2630 consolator
478 2565 629 2647 egregius,
652 2565 704 2648 qui
727 2566 865 2648 singulos
887 2568 938 2650 pio
960 2570 992 2631 et
1005 2569 1132 2647 paterno
1148 2564 1272 2630 fouebat
1287 2563 1442 2629 allectus

176 2732 178 2735 .
285 2686 344 2734 non
376 2666 442 2732 siue
478 2666 660 2732 fluminibus
696 2668 885 2734 currentium
923 2670 1135 2746 lacrimarum,
1173 2668 1300 2752 paratus
1334 2687 1405 2751 pro

285 2769 477 2835 iratribus
499 2769 665 2835 animam
680 2788 822 2853 ponere
837 2774 871 2835 et
885 2789 919 2835 ee
933 2771 1118 2850 ultroneum,
1135 2772 1162 2836 si
1178 2771 1404 2849 dimitteretur,

284 2870 401 2937 talibus
430 2872 622 2953 passionibus
651 2872 739 2952 dare,
773 2876 826 2957 poi
854 2877 956 2940 totum
988 2875 1069 2958 quod
1095 2873 1206 2940 habuit
1238 2872 1405 2957 egentibus

285 2974 432 3040 fratribus
461 2974 494 3039 in
523 2975 578 3042 illa
607 2976 680 3042 tunc
708 2977 891 3043 necessitate
923 2978 1081 3060 expendit3
1115 2976 1283 3060 quaerebat
1316 2978 1404 3042 cuim

386 3178 417 3231 11
437 3176 532 3232 Thren.
550 3178 575 3243 4,
594 3178 618 3232 5.
705 3178 736 3231 18
753 3178 798 3234 Pe.
817 3179 874 3245 149,
892 3179 917 3234 9.
1002 3178 1034 3233 21
1053 3179 1087 3233 cf.
1106 3181 1120 3236 I
1137 3179 1195 3236 Ich.
1213 3181 1238 3247 3,
1257 3181 1296 3235 lc

336 3366 474 3421 leolatio
505 3367 588 3423 G²llie
704 3370 839 3437 ponuntur
866 3367 911 3423 0²:
941 3366 1092 3437 puniuntur
1118 3368 1175 3422 rell.
1277 3367 1402 3436 postibus

283 3454 391 3523 resipui:
420 3453 612 3508 instituemus
714 3458 741 3509 et
762 3460 827 3508 cate
850 3454 970 3524 grauiter
988 3470 1038 3509 οηο.
1054 3454 1093 3509 Μ
1192 3454 1208 3508 2
1234 3454 1403 3523 adfligentur

284 3540 329 3594 Pb
433 3541 550 3594 iactatur
571 3540 609 3595 W
716 3540 861 3594 docmina
887 3540 925 3596 W
1025 3540 1187 3595 locustarum
1213 3556 1266 3595 sose
1290 3546 1403 3609 praeter

283 3626 310 3680 B
411 3625 593 3680 bnatursleru
612 3624 669 3680 BV
692 3626 814 3679 naturale
832 3626 890 3685 rell,
986 3625 1083 3681 silebat
1103 3626 1141 3682 W
1241 3626 1402 3680 doterccris

283 3712 455 3780 eturinaed
549 3710 752 3781 iletchMe
770 3711 886 3765 ioetorb
972 3711 1203 3768 orrorBVCWs¹
1298 3710 1402 3766 stetu

283 3798 361 3852 BVe¹
380 3797 473 3851 dantes
490 3796 549 3852 We²
565 3802 627 3867 post
643 3797 705 3852 data
727 3796 760 3854 0²
777 3797 868 3851 daturi
885 3816 903 3852 a
992 3798 1103 3866 Mauris]
1121 3798 1181 3852 anri
1196 3797 1235 3852 W
1318 3795 1402 3850 bad-

283 3884 357 3938 missi
372 3883 493 3953 WMscd
582 3884 616 3937 10
627 3883 689 3952 luti]
702 3883 749 3938 lici
765 3882 792 3938 V
805 3884 855 3938 laci
868 3884 928 3939 Me:
947 3898 997 3940 oto.
1014 3883 1050 3939 W
1133 3884 1217 3936 lutino
1229 3882 1321 3951 queB
1337 3881 1403 3935 lati·

282 3985 333 4039 quc
359 3986 377 4023 o
478 3970 509 4022 11
540 3970 661 4024 ieremias
690 3968 791 4025 WMsa
892 3969 1037 4039 cdrpletum
1063 3970 1105 4038 B,
1132 3984 1149 4022 η
1172 3974 1204 4023 at
1227 3967 1286 4021 aid.
1304 3982 1401 4021 am:

282 4056 414 4123 obpletum
431 4055 490 4109 reti.
588 4054 754 4124 lamptani
769 4054 807 4110 W
904 4056 938 4110 14
953 4054 988 4109 ad
1005 4055 1065 4124 iter]
1084 4055 1164 4108 aliter
1180 4053 1220 4108 W
1317 4051 1349 4104 lt
1366 4066 1402 4104 cn

286 4142 324 4199 W
407 4141 615 4196 decantabantur
709 4141 742 4194 19
754 4139 989 4194 umaibbirinensie
1001 4137 1056 4197 PR
1071 4138 1331 4195 umaibbilinensisb

283 4228 316 4280 20
342 4228 552 4295 conlconeclatcr
579 4228 606 4281 Β
712 4226 744 4281 21
773 4226 971 4281 decurrentium
998 4242 1018 4279 ο
1123 4224 1157 4279 22
1184 4238 1281 4293 penore
1306 4223 1334 4276 P

282 4314 315 4367 23
333 4312 409 4367 daret
426 4330 444 4367 ο
