2992 4967
467 332 700 402 Epistularum
718 333 807 390 liber
824 335 848 390 Ι.
1178 339 1217 404 19

100 519 191 587 ambo
231 520 373 603 optemus
400 523 432 586 et
469 523 600 588 uincere.
637 523 726 590 nobis
764 541 818 608 per
847 525 1022 592 communie
1058 527 1218 608 pectorum

98 625 222 691 secreta
243 623 409 688 uiuendum
432 623 534 705 potius
557 643 651 708 quam
672 625 847 691 obeundum
869 629 926 706 est,
945 627 1055 693 metris
1072 626 1217 694 ecclesiae

99 743 157 806 ope
179 725 317 804 sociatis,
340 743 418 808 quae
433 730 588 810 utrosque,
612 730 647 792 ui
662 745 736 794 uere
749 728 921 812 loquamur,
936 729 1010 794 fidei
1023 732 1117 795 ubere
1137 730 1218 797 lacte

99 830 203 909 pascit
230 828 340 894 ultrici.
378 833 499 896 cessent
525 830 657 898 enilium
678 833 855 896 commenta
874 832 1051 916 poetarum:
1081 832 1217 900 nodoso

75 932 281 1016 erepudietur
302 931 491 1014 antiquitas:
514 935 614 1000 status
636 937 786 1002 innocens
805 934 914 999 ruinae
942 953 1136 1017 nequaquem
1158 937 1218 1002 mi·

100 1037 225 1100 sceutur
247 1035 384 1102 ulterius.
418 1035 518 1114 nobis,
542 1037 571 1100 ei
590 1037 694 1120 placet
716 1036 750 1102 in
772 1037 932 1102 nouellum
954 1055 1046 1102 usum
1066 1038 1217 1104 maiorum

101 1137 242 1220 exempla
263 1156 421 1216 reuocare,
453 1138 558 1222 potins
579 1136 705 1222 Pyladis
728 1142 759 1204 et
780 1137 909 1218 Oresta
937 1137 1007 1205 Nisi
1030 1141 1061 1204 et
1082 1139 1217 1224 Euryali,

100 1240 238 1304 Pollucis
254 1243 286 1304 et
301 1238 446 1318 Castoris,
461 1241 489 1306 si
502 1239 582 1305 nihil
596 1239 644 1304 his
659 1239 923 1306 clandestinorum
939 1243 1066 1307 actuum
1082 1241 1219 1324 decerpit

100 1343 292 1416 obscenitas,
320 1341 466 1408 conuenit
493 1343 612 1426 gratiae
645 1342 822 1408 meminisse
845 1343 898 1408 uel
918 1342 1000 1408 fidei
1039 1361 1114 1425 quos
1135 1343 1219 1408 inter

60 1465 133 1514 rose
155 1448 202 1512 ita
223 1463 348 1512 concors
371 1445 546 1512 animorum
573 1443 714 1510 deuinrit
741 1445 927 1528 amuelitae,
951 1449 986 1510 ut
1009 1445 1121 1512 horum
1141 1445 1217 1510 duos

98 1548 254 1632 expetitus
287 1567 358 1614 cum
390 1547 498 1614 amicis
530 1547 652 1614 iuuaret
679 1548 841 1626 interitus,
875 1547 954 1614 alter
987 1550 1085 1615 emico
1118 1549 1217 1613 uitem

100 1651 203 1737 pretio
224 1670 298 1718 auae
320 1649 429 1716 mortis
452 1651 597 1716 ediceret.
620 1651 683 1714 istu
698 1652 772 1716 sunt
787 1649 882 1736 digne
902 1648 1060 1727 memorie,
1077 1649 1218 1732 quotiens

101 1755 186 1820 inter
209 1771 305 1820 nonos
334 1754 511 1820 concordiae
533 1771 628 1818 uerus
650 1752 726 1830 udo,
756 1754 792 1818 ut
813 1753 859 1818 ite
881 1753 1021 1829 dixerim,
1045 1753 1218 1818 animorum

100 1857 182 1924 libro
205 1857 371 1940 cespitibus
392 1857 507 1922 ualidis
528 1854 631 1922 future
659 1855 773 1920 nobilis
801 1855 907 1920 iuncta
935 1855 1109 1920 maritetur.
1146 1854 1219 1920 illae

62 1961 221 2030 sementes
248 1959 436 2044 promittunt
463 1977 557 2044 poms
589 1959 784 2036 concordiae,
819 1977 897 2041 quae
928 1957 1003 2040 quid
1035 1957 1219 2024 incultum

100 2063 224 2128 sudoris
246 2062 289 2128 sit
311 2081 387 2146 opus
409 2063 592 2144 agnoscunt.
614 2062 731 2145 gaudeo
759 2064 875 2144 tamen,
898 2061 1063 2144 quodiam
1086 2060 1217 2127 indisso·

101 2165 193 2233 lubili
224 2164 369 2230 socieun
397 2165 535 2232 moribus
556 2165 715 2248 iungimur
744 2166 777 2228 et
805 2165 845 2230 eb
866 2163 947 2227 ostio
969 2161 1142 2228 allectionis
1163 2181 1217 2247 per

103 2266 254 2333 cruminis
275 2267 395 2333 lancem
418 2266 558 2334 caritatis
578 2267 770 2332 incrementa
790 2284 965 2348 pensemus.

638 2435 675 2499 X.

57 2526 88 2632 'so
472 2569 628 2626 IOHANNI
656 2569 845 2626 ENNODIVS.

143 2698 252 2762 Vicum
279 2698 454 2774 redderem,
488 2695 549 2760 nisi
577 2701 718 2760 oneraret
746 2692 946 2776 diligentiam
972 2691 1066 2758 amici
1086 2693 1217 2775 pectoris

101 2800 248 2865 restituta
279 2799 433 2876 laudatio,
466 2816 505 2862 ne
534 2797 608 2862 dum
641 2795 674 2867 iu
702 2795 871 2880 praeconiis
900 2796 1044 2860 mutuum
1077 2794 1218 2860 uidemur

99 2901 234 2980 scabere,
257 2899 444 2970 mundonis
459 2898 633 2981 suspicione
647 2900 806 2980 polluntur
820 2897 951 2962 adiectio
967 2901 998 2962 et
1012 2914 1098 2962 arnor
1114 2899 1217 2963 currat

100 3005 133 3070 in
153 3005 286 3080 uitium,
320 3005 394 3070 dum
415 3002 493 3068 illud
516 3002 597 3085 quod
620 3001 701 3084 apud
723 3001 802 3066 elios
824 3002 970 3067 debemus
983 3077 986 3082 ¹
1001 2999 1103 3064 iecere
1130 2998 1219 3064 nobis

63 3109 335 3192 ‚rmooupetenter
372 3105 551 3187 ingerimus.
590 3106 763 3172 amantium
799 3103 883 3170 enim
920 3105 1101 3168 ornamenta
1137 3102 1218 3168 inter

102 3209 274 3276 nmiliares
304 3208 433 3292 paginus
461 3205 621 3275 reticenda
643 3207 735 3284 sunt,
751 3223 811 3272 non
833 3205 996 3290 mouenda
1028 3223 1067 3270 ne
1094 3205 1217 3271 tantm

153 3413 167 3466 l
186 3413 322 3480 pectorum
339 3411 450 3480 scripsi,
477 3412 640 3479 pecatorum
658 3409 698 3474 B,
725 3410 895 3478 pcccatorum
914 3407 1041 3462 LPTVb
1143 3407 1160 3460 3
1177 3422 1218 3459 eo·

98 3497 177 3552 ciatia
196 3497 307 3566 scripsi,
325 3496 430 3552 sociatu
446 3495 561 3562 LPTV,
587 3495 686 3550 sociatu
703 3495 747 3549 Bo
849 3498 881 3549 ut
897 3494 959 3559 Bo,
977 3510 1026 3549 om.
1043 3491 1157 3547 LPTV

100 3581 300 3672 Quium}
325 3587 438 3647 u2erae.
560 3579 575 3633 '1
603 3579 700 3649 pilodis
730 3579 757 3634 Τ
874 3580 969 3634 curiali
998 3577 1151 3633 BLPTVb

96 3660 118 3723 ‘e
136 3653 396 3736 etluss'nffi'iras?
481 3667 513 3719 12
534 3666 637 3736 pmcn
655 3665 714 3719 nu
812 3667 847 3719 14
864 3664 1023 3734 caespitibus
1041 3664 1068 3718 Β
1170 3661 1219 3717 sno

101 3754 159 3809 Μ’
272 3753 304 3806 15
330 3753 428 3807 mentio
458 3751 482 3806 Τ
581 3751 670 3822 poma]
696 3751 766 3806 bona
793 3751 875 3808 Sim.
989 3749 1021 3803 ll
1048 3748 1133 3802 metio
1159 3747 1219 3812 PT,

101 3843 160 3934 osio
185 3876 211 3932 L

152 3978 187 4035 X.
216 3979 248 4036 21
272 3979 413 4033 honoraret
436 3977 523 4044 LTV,
550 3949 691 4062 desereret
714 3976 741 4030 B
843 3976 960 4042 pectoree
979 3973 1006 4027 L
1107 3972 1141 4026 23
1158 3971 1219 4026 ndo·

103 4081 213 4138 lationis
230 4081 259 4135 Β
354 4081 546 4150 suspidcnai'
645 4078 798 4148 pollue-tur
814 4073 841 4130 L
858 4091 877 4128 n
894 4090 964 4130 erce.
1068 4073 1101 4128 25
1119 4073 1219 4127 incom-

99 4170 223 4237 petenter
238 4165 325 4222 MV
421 4165 564 4235 ingerimus
581 4165 672 4230 Sim,
698 4164 851 4233 ingeremus
868 4159 1021 4216 BLPTVd
1122 4158 1157 4212 26
1174 4173 1220 4228 pc·

101 4255 191 4324 gisus
209 4253 237 4306 L
261 4269 280 4306 n
297 4269 365 4307 erue.

1081 4345 1118 4398 2ss
