2992 4967
450 361 686 430 Epistularum
705 359 795 416 libor
813 360 865 416 111.
1181 361 1223 428 75

94 553 170 618 uate
192 553 331 634 pcccatis
353 551 434 618 eolis
456 551 596 618 submisi.
620 569 688 617 ecoe
711 551 777 616 iem
799 551 886 633 quasi
908 549 1048 633 aequalis
1072 550 1219 632 appellor.

94 653 195 719 erexit
224 671 274 718 me
297 654 358 718 'diu
380 653 538 724 custodis
557 653 723 726 subiectio.
757 653 826 722 ioue
855 671 928 738 orgo
950 671 1000 718 me
1029 652 1220 719 orationibus

93 759 175 822 tuis:
199 757 336 822 ostendis
358 757 442 822 enim
465 757 587 842 paginis
616 755 728 842 fragile
752 772 772 821 a
799 758 886 821 uobis
915 774 977 823 non
999 754 1135 821 exbiberi
1165 772 1219 837 pa·

93 860 270 925 trocinium.
294 877 368 926 nam
391 859 422 923 et
444 856 498 925 isti
514 857 651 944 suscepti
675 857 759 937 sunt,
782 857 835 942 qui
850 855 1034 934 mibibono„
1053 856 1218 941 dequibus

69 959 205 1046 egestio,
222 961 428 1028 contulerunt.
452 960 571 1028 adrem
588 963 688 1028 redeo.
712 959 855 1046 perditus
877 959 932 1026 illo
946 959 1077 1027 clericus
1094 961 1220 1045 expauit

92 1071 223 1132 causum
246 1063 345 1132 dicere
369 1059 451 1150 opud
473 1063 657 1152 episcopum,
681 1065 847 1150 postquam
869 1061 995 1130 defendi
1026 1083 1116 1129 amo
1138 1061 1220 1129 uidit

92 1186 157 1245 eos,
181 1165 293 1252 quibus
315 1188 419 1234 meum
442 1168 612 1252 deputastis
635 1169 826 1254 obsequium.
866 1185 1012 1254 suggero,
1043 1167 1069 1233 si
1091 1164 1216 1246 iubetis,

90 1273 130 1336 ut
152 1291 234 1337 unus
263 1271 299 1365 do
328 1266 403 1356 ipsis
431 1265 612 1338 Rauennam
641 1267 782 1338 ambulet
808 1290 880 1336 cum
910 1269 1023 1336 uestris
1051 1268 1094 1336 ad
1119 1267 1220 1336 filium

90 1379 236 1440 uestrum
258 1377 407 1441 domnum
429 1373 581 1440 Faustum
609 1371 886 1457 commendaticiis,
919 1392 956 1439 ns
978 1373 1011 1438 in
1034 1370 1219 1458 praeiudicio

55 1496 82 1536 ιο
92 1477 232 1562 ipsorum
255 1477 377 1542 uenalis
405 1477 560 1556 iudicum,
583 1477 635 1561 qui
658 1476 827 1543 Mediolani
850 1476 1034 1560 exuberant,
1064 1473 1220 1541 sententia

91 1579 301 1662 depromatur.

638 1765 674 1828 V.

476 1899 660 1958 Ennomus
681 1899 836 1958 mmo.

136 2023 280 2092 umore
299 2023 405 2088 hiutm
423 2023 547 2107 gabron
568 2024 746 2090 litterarum
775 2025 953 2088 uestrarum
975 2021 1117 2088 eleuatis
1138 2023 1217 2090 ado-

55 2147 82 2187 m
91 2127 181 2210 quio,
212 2127 239 2191 si
262 2143 323 2190 nou
345 2125 406 2190 mei
429 2125 573 2191 conscius
593 2124 774 2207 inperitiam
800 2124 917 2209 pudore
940 2126 1165 2207 conprimeron
1186 2129 1218 2190 ct

91 2227 205 2294 iudicii
226 2229 348 2293 bocum
370 2231 520 2310 tenerem,
542 2228 637 2292 edum
660 2245 733 2292 cum
753 2226 863 2292 laudor
886 2226 1058 2292 inmeritus.
1091 2244 1148 2292 uos
1168 2226 1218 2292 di·

90 2331 201 2416 giratio
224 2347 376 2396 cennius
396 2329 473 2396 decit
492 2328 707 2396 immemores:
736 2347 787 2394 me
806 2329 1001 2413 propositum
1023 2333 1106 2395 intra
1126 2348 1218 2394 uere-

90 2433 229 2500 cundum
252 2435 364 2517 degere
386 2434 547 2518 pssumis
566 2433 723 2516 conpellit.
757 2451 814 2499 uos
834 2432 952 2516 scripta
972 2452 1043 2498 maa
1064 2435 1217 2515 tanqum

90 2537 234 2602 amantes
258 2535 428 2602 adtollitis:
451 2555 500 2601 mo
523 2553 644 2600 necesse
667 2535 807 2601 eubillos
830 2537 978 2613 metuere,
1006 2536 1060 2618 qui
1090 2536 1217 2602 renuide

55 2638 298 2723 udospicientes
322 2639 432 2705 cuncta
446 2639 591 2724 neglectu
606 2640 701 2704 etiam
723 2639 905 2704 edecumata
920 2639 1135 2704 condemnant.
1158 2655 1227 2723 ago.

91 2745 201 2808 tumen
223 2743 341 2826 gratias
363 2743 445 2825 quod
466 2742 547 2825 apud
571 2741 718 2808 domnum
741 2743 912 2808 Patricium
940 2739 1039 2805 talem
1061 2760 1111 2806 mo
1133 2740 1217 2805 iudi-

90 2845 157 2910 cari
180 2843 328 2927 scribitis,
346 2845 468 2928 qualem
484 2850 589 2910 uestro
611 2845 791 2910 testimonio
805 2843 991 2910 reddidistis.
1015 2842 1216 2910 insinuationi

92 2966 166 3034 orgo
190 2967 276 3014 amor
299 2947 429 3014 debetur
451 2947 521 3027 iste,
544 2965 606 3013 uon
626 2949 767 3032 paginae,
791 2965 885 3030 quam
906 2944 1014 3013 scaber
1036 2945 1129 3012 stilus
1151 2945 1216 3012 sine

91 3050 287 3136 eloquentius
322 3050 392 3118 doto
428 3050 574 3134 signauit.
617 3050 839 3118 salutationem
873 3055 979 3116 temon
1010 3049 1217 3134 magnitudini

55 3157 213 3220 rsuestree
246 3153 374 3238 dignum
406 3153 542 3221 referens
578 3153 633 3219 deo
666 3155 783 3238 gratias
820 3170 887 3238 ugo,
917 3153 1000 3236 quod
1022 3153 1136 3220 uotiuis
1159 3171 1214 3218 uos

90 3259 196 3322 auctos
218 3256 406 3322 successibus
428 3256 551 3324 reduxit
572 3259 611 3324 ud
633 3258 766 3342 propria,
789 3274 866 3342 quos
887 3274 974 3322 mens
996 3274 1067 3322 moa
1087 3274 1143 3338 pro
1165 3273 1213 3322 co·

91 3359 220 3426 nexione
244 3357 385 3424 caritatis
408 3377 577 3441 numquam
601 3360 698 3425 sentit
721 3360 874 3425 absentes.

140 3629 304 3685 leummisi
328 3629 385 3685 BV
484 3627 635 3700 equalisB
738 3629 821 3684 2me
836 3645 901 3700 ergo
924 3628 970 3684 Pd
1076 3628 1215 3683 scribo-i

89 3749 156 3808 BL*
259 3749 379 3805 ddiccrs
396 3745 550 3804 musam?
650 3747 728 3834 dudi
750 3750 776 3804 T
875 3714 1081 3804 deomendetdis
1099 3748 1126 3803 L

139 3889 173 3946 v.
210 3889 244 3944 ιτ
266 3904 377 3944 censure
400 3890 428 3945 a
540 3889 573 3943 rs
596 3853 735 3973 acuistis
758 3887 786 3941 n
896 3887 931 3943 uo
948 3885 1088 3941 morena
1105 3902 1139 3942 ec
1155 3886 1214 3942 coe-

89 3994 198 4048 cumata
223 3989 250 4044 B
369 3992 403 4048 23
430 3991 543 4048 debetur
570 4006 644 4046 emor
673 3991 699 4045 Τ
810 3990 911 4061 pagina
936 4005 970 4044 cc
996 3990 1092 4060 pagum
1119 3991 1146 4045 Β

89 4093 122 4148 25
140 4109 204 4165 egeo
222 4094 249 4148 Β
353 4093 460 4149 uotiuos
478 4092 505 4148 B
609 4093 642 4150 26
660 4096 733 4148 cotos
752 4093 783 4161 Τ,
812 4096 861 4146 aut
878 4108 921 4147 eos
939 4109 967 4179 ro
984 4091 1011 4146 B
1116 4093 1149 4148 27
1167 4109 1213 4162 ps·

90 4199 167 4266 gina·
189 4196 251 4264 (mi
268 4198 349 4261 arou.)
368 4195 395 4250 L
498 4195 630 4251 claritatis
652 4195 676 4250 Τ
