2992 4967
292 307 356 372 210
647 303 762 373 lingui
780 303 907 357 Felicis
923 302 1053 357 Ennodi

292 497 402 562 borum
416 492 531 577 fatigor
546 492 761 568 incommodis,
778 510 834 574 pro
845 493 980 575 peccatis
991 492 1067 557 meis
1081 490 1222 558 febribus
1236 490 1417 573 frequenter

293 597 419 663 addicor
441 598 473 661 et
493 599 584 675 uires,
607 614 686 678 quae
708 597 894 662 uidebantur
916 596 1093 674 restitutae,
1116 595 1316 679 franguntur.
1339 615 1416 681 ergo

293 719 348 766 uos
370 700 504 766 remedia
526 703 672 767 consueta
703 703 860 782 praestate
893 704 924 764 et
956 718 1048 764 nsum
1075 699 1167 765 illum
1188 700 1314 764 amotae
1337 717 1414 763 con-

292 802 475 869 uersationis
506 804 673 887 inpendite,
708 805 745 869 ut
767 806 912 886 quicquid
944 802 1101 869 medicina
1135 802 1319 867 mortalium
1351 821 1417 867 non

294 906 377 971 ualet
399 906 476 973 fusis
495 910 533 973 ad
557 907 650 971 deum
672 910 815 972 nostrum
836 904 982 989 precibus
1005 906 1175 990 inpetratis.
1436 926 1450 967 e

818 1046 887 1111 XV.

682 1161 863 1217 amnonius
884 1160 1021 1217 hunsla

335 1269 419 1334 Ante
441 1270 687 1352 experimentum
720 1268 891 1333 amicornm
918 1268 994 1332 fidas
1016 1266 1142 1332 occulta
1163 1267 1225 1331 est:
1249 1268 1416 1348 postquam

295 1375 327 1438 iu
348 1373 451 1439 lucem
472 1373 666 1455 processerit,
693 1390 797 1436 eorum
821 1371 875 1452 qui
890 1370 1009 1454 aliquid
1030 1371 1148 1453 saporis
1171 1367 1337 1434 habuerint
1353 1366 1416 1432 sibi

292 1475 410 1541 mentes
434 1474 560 1557 obligat.
599 1476 773 1538 esttamen
800 1472 1016 1537 nimislibara
1047 1472 1194 1551 seruitus,
1223 1489 1302 1554 quae
1334 1471 1415 1535 orna
1425 1498 1450 1537 ιο

293 1579 465 1644 exhibetur.
488 1578 634 1643 confiteor
656 1575 865 1659 magnitudini
886 1577 975 1640 tuae:
1004 1574 1123 1640 latebat
1155 1593 1204 1640 me
1238 1577 1310 1639 ante
1332 1575 1415 1640 rela-

293 1684 411 1747 tionem
433 1680 572 1747 hominis
605 1680 668 1743 mei
702 1678 775 1761 qnid
809 1680 842 1743 in
875 1678 1069 1743 sublimitate
1102 1680 1159 1743 tua
1187 1680 1221 1744 et
1241 1678 1362 1760 saporis
1384 1680 1418 1741 et

295 1785 414 1867 gratiae
436 1782 493 1848 sub
516 1781 615 1847 nobili
630 1780 811 1845 humilitate
828 1780 1038 1846 delitesceret:
1057 1780 1151 1847 didici
1174 1780 1344 1863 hominem,
1360 1782 1416 1862 qui

296 1904 406 1950 canam
428 1888 461 1950 in
483 1886 544 1950 fide
565 1883 802 1964 beatitudinem,
839 1885 914 1949 dnm
946 1885 1116 1951 amicorum
1140 1885 1317 1949 absentiam
1338 1886 1416 1949 bene

293 1989 417 2065 tractet,
440 1991 610 2071 exsuperet.
640 1988 731 2071 plura
753 1989 879 2070 quidem
902 1989 1060 2055 discedens
1082 1990 1278 2071 promiseras,
1297 1988 1350 2053 sed
1373 1988 1451 2054 ada

292 2094 420 2177 genium
442 2093 645 2158 conscientiae
660 2094 734 2157 tuae
750 2093 869 2158 maiora
882 2094 1078 2174 praestitisti.
1110 2094 1235 2159 domiue
1249 2091 1306 2170 iili,
1329 2090 1417 2156 salu-

294 2198 421 2264 tationis
445 2196 646 2262 effusissimae
668 2215 786 2262 munus
806 2195 978 2279 inpertiam
993 2215 1050 2281 ago
1065 2198 1159 2279 atque
1176 2193 1276 2261 habeo
1292 2192 1417 2259 insuffi-

294 2302 411 2366 cientes
433 2300 552 2384 gratias
586 2302 624 2365 de
658 2300 719 2383 his,
753 2319 831 2383 quae
863 2300 943 2365 mihi
976 2302 1010 2366 in
1040 2302 1141 2383 prima
1162 2299 1292 2365 notitiae
1313 2298 1417 2361 fronte

293 2403 417 2469 conlata
440 2403 521 2469 sunt.
559 2404 640 2486 quod
663 2406 771 2482 restat,
798 2404 954 2487 deprecor,
977 2407 1014 2467 ut
1035 2404 1157 2469 residua
1178 2402 1237 2467 illa
1258 2402 1418 2482 mancipia

294 2506 393 2571 teneri
415 2506 477 2571 iam
502 2507 605 2571 haias.
637 2525 708 2572 ecoe
734 2507 882 2572 fiduciam
911 2509 949 2571 de
971 2506 1061 2571 bonis
1082 2505 1338 2588 praecedentibus
1361 2504 1454 2573 de-eo

292 2611 508 2675 scandentem:
531 2612 584 2693 qui
607 2614 678 2676 ante
701 2611 807 2695 ignoto
823 2630 927 2695 preces
944 2607 1102 2676 metuebat
1124 2610 1242 2688 offerre,
1265 2608 1330 2673 iam
1354 2626 1417 2672 non

293 2712 418 2778 dubitat
435 2715 597 2796 imperare.

810 2814 898 2880 XVI.

650 2932 832 2987 ENNODIVS
859 2932 1057 2988 BARBARAE.

334 3038 405 3101 Non
427 3056 483 3120 ego
506 3036 603 3103 debiti
625 3038 778 3103 inmemor
800 3038 839 3103 ab
859 3038 968 3103 officiis
982 3040 1157 3121 temperani
1172 3059 1228 3105 nec
1244 3039 1456 3107 constitutam

293 3139 467 3221 despiciens
488 3141 705 3224 garrulitatem
727 3160 828 3207 meam
845 3145 884 3208 ab
900 3142 1040 3226 obsequii
1054 3143 1242 3209 exhibitione
1256 3146 1416 3227 suspendi.

344 3325 594 3381 limoonrmodisB
692 3326 1074 3382 2snidebanturrestituteB
1169 3330 1347 3387 3soantaeB

293 3411 466 3479 5praeoibne
484 3412 512 3466 Β

343 3498 402 3553 XV.
437 3500 646 3569 ilprocesserint
662 3500 689 3554 Β
787 3500 820 3554 10
837 3502 887 3570 eat]
907 3502 935 3553 et
955 3500 986 3565 T,
1013 3504 1071 3554 aest
1087 3502 1126 3556 Β1
1217 3504 1308 3573 nimis]
1326 3507 1419 3561 minus

295 3584 376 3637 Siron.
473 3585 503 3639 11
522 3584 707 3654 magnitudini
725 3587 969 3655 (periclitarer.)
988 3587 1016 3641 Β
1101 3588 1189 3643 laebat
1206 3605 1302 3643 mem
1318 3592 1347 3644 B

296 3669 327 3721 13
345 3668 508 3723 delitisceret
525 3671 651 3727 BL¹YV
748 3672 782 3726 14
801 3673 950 3727 absentiam
968 3674 1041 3740 (absa
1057 3675 1090 3728 ior
1106 3679 1172 3740 ras.)
1190 3675 1218 3728 Β
1323 3679 1356 3731 15
1373 3694 1420 3732 ex·

293 3756 394 3822 ruperit
412 3754 439 3808 B
543 3756 575 3809 16
596 3757 650 3811 filis
668 3757 815 3811 ornationis
833 3758 983 3813 effuasirnae
999 3760 1027 3814 Β
1129 3762 1162 3815 1‘1
1179 3761 1307 3833 imptiens
1324 3764 1420 3834 LTV,

293 3841 483 3909 impartiensb
581 3843 614 3897 18
632 3844 744 3897 notitiae
762 3844 868 3912 sampsi,
896 3844 1009 3913 potitiae
1027 3842 1118 3913 BLV,
1144 3846 1242 3916 potitie
1259 3848 1295 3914 P,
1320 3852 1421 3917 poten-

294 3924 381 3989 tieT,
407 3927 571 3993 pueritiaeb
676 3929 708 3982 19
735 3929 869 3997 mantipia
890 3929 917 3983 L
1019 3930 1053 3983 20
1081 3930 1296 4001 praecidentibus
1319 3934 1349 3988 Β

295 4008 503 4075 discenldentem
521 4011 548 4065 Β
576 4030 593 4065 n
611 4014 643 4067 ia
667 4014 724 4079 fine
740 4014 830 4068 tineae
844 4020 941 4083 postea
958 4016 1022 4070 add
1040 4015 1089 4071 sed
1105 4022 1174 4071 orl
1276 4018 1308 4073 21
1336 4022 1420 4075 offere

294 4093 322 4147 Β
423 4094 458 4149 22
475 4096 594 4165 inperare
612 4098 638 4152 B

344 4179 418 4322 XVIIi.
453 4181 487 4235 24
506 4182 615 4238 barbare
633 4185 690 4240 ΒΤ
781 4186 816 4240 25
833 4188 981 4256 temporaui
998 4191 1041 4257 (po
1058 4189 1091 4240 ta
1108 4190 1177 4255 rom)
1194 4188 1222 4241 B
1250 4193 1282 4258 -'··.j
1317 4190 1352 4245 26
1369 4191 1421 4245 ob-

294 4269 368 4337 sequi
