2992 4967
288 342 331 408 90
641 337 757 408 Magni
774 335 903 391 Felicis
920 335 1050 391 linnodi

287 531 512 597 taciturnitatis
541 529 736 607 indumento,
766 526 825 593 boc
847 529 885 594 ad
907 525 1116 592 defensionem
1147 525 1301 608 integram
1324 527 1403 608 qnod

286 635 421 719 praetuli
443 635 624 718 conputabo.
648 635 701 699 sed
724 649 827 698 amore
842 631 1026 714 prouocatus
1049 629 1233 711 epistulares
1254 630 1404 697 terminos

285 735 512 804 inconsiderata
532 735 718 819 loquacitate
741 731 931 799 transcendi.
960 730 1040 810 nale,
1064 732 1256 811 uidemini,
1280 732 1331 800 oni
1352 731 1404 796 bo·

285 858 390 907 norem
413 839 560 906 exhibens
583 837 752 905 salutantis
774 833 911 920 probabo
932 834 1007 917 qnid
1027 833 1064 900 de
1086 833 1221 916 epistula
1242 853 1314 901 moa
1335 853 1403 900 sen-

285 943 344 1008 tias
368 945 422 1008 aut
445 941 657 1007 taciturnitate
680 941 735 1006 aut
756 937 921 1022 scriptione
943 936 1123 1020 multiplici.
1421 956 1434 996 r

790 1124 890 1190 XXV.

645 1261 828 1318 EVGENETI
848 1259 1040 1317 susumus,

326 1386 510 1454 luctatione
532 1403 592 1454 non
607 1404 673 1452 esse
694 1386 777 1470 apud
793 1403 848 1450 uos
862 1383 1000 1469 gretiam
1012 1385 1116 1466 potest
1129 1381 1183 1465 qni
1197 1382 1258 1448 fide
1272 1383 1400 1452 candus

282 1490 330 1556 est
348 1490 529 1555 aestimarer
551 1488 623 1554 uolo
637 1489 744 1554 umen
757 1488 798 1553 ad
812 1486 994 1571 diligentiae
1009 1485 1224 1554 testimoninm
1237 1486 1399 1572 prorogari

280 1590 487 1674 sequentiam
513 1590 708 1670 litterarum,
740 1609 781 1656 ne
814 1590 939 1657 linimus
972 1590 1011 1656 de
1035 1587 1173 1656 mantis
1196 1589 1433 1671 prosperitates

281 1693 441 1772 sollicitus,
458 1690 533 1758 dnm
547 1691 631 1762 selus
653 1694 686 1758 in
709 1693 885 1760 uslitndiue
898 1697 957 1771 cst,
971 1690 1197 1776 suspicionibus
1218 1690 1401 1758 uentllotnr.

279 1812 352 1860 scoe
370 1795 476 1876 babes,
497 1795 543 1860 mi
563 1795 699 1876 domine,
722 1796 805 1860 unde
826 1797 1025 1862 seranitstem
1047 1795 1180 1880 pectoris
1202 1796 1266 1860 mei
1288 1815 1325 1861 sx
1349 1798 1400 1863 ds·

279 1895 384 1964 siderii
406 1897 579 1979 proditione
603 1914 776 1981 cognoscas
818 1898 927 1964 adesto
947 1898 1088 1984 partibus
1109 1897 1175 1965 tnis
1195 1899 1228 1965 et
1249 1896 1334 1964 sicut
1351 1916 1400 1963 me

279 1997 424 2082 imperati
438 2000 573 2066 muneris
593 2001 810 2084 praerogatiua
822 2001 981 2080 sublimat,
1003 2003 1048 2068 its
1068 2019 1124 2069 nos
1146 2000 1279 2068 exhibiti
1294 2002 1400 2086 gustis

279 2103 427 2168 sermonis
448 2101 585 2170 sttolht.
608 2121 679 2188 ergo
702 2103 837 2170 salntem
850 2103 1024 2172 debendam
1039 2106 1209 2171 restituens
1223 2121 1345 2186 precor,
1363 2106 1429 2169 utu

278 2203 352 2286 quid
373 2208 552 2290 promouest
580 2207 613 2271 in
635 2225 686 2272 ms
707 2205 895 2272 desidorium
917 2209 1008 2274 tuum
1030 2208 1088 2275 sub
1110 2207 1334 2289 cuiuscumque
1357 2205 1400 2272 si·

279 2305 485 2389 gnificaticnis
507 2306 590 2374 nube
612 2307 773 2376 dilucides.
796 2311 876 2374 uale.

780 2493 895 2561 XXVI.

661 2631 797 2690 AVIENO
818 2631 1009 2689 susumus,

318 2749 420 2816 Adest
446 2748 632 2835 magnitudo
660 2757 716 2818 tus
743 2753 886 2836 partibus
914 2753 981 2819 suis
1010 2758 1041 2820 et
1061 2758 1179 2822 sdscrit
1197 2757 1427 2840 spendorsrna

274 2853 439 2936 sanguinis
469 2855 647 2921 testimonio
676 2857 832 2938 puritatis.
870 2856 1033 2924 mdtatcrn
1054 2860 1194 2925 nesciunt
1223 2859 1278 2945 pia
1299 2863 1395 2930 corda

273 2959 423 3034 deserere,
452 2957 630 3040 religiosam
653 2957 853 3043 diligentium
873 2977 962 3024 mens
984 2978 1132 3043 generosa
1152 2963 1300 3030 custodit.
1338 2983 1393 3048 ge·

272 3059 359 3124 mins
386 3075 457 3141 ergo
486 3058 556 3125 lucc
576 3060 730 3143 fulgentis
759 3061 878 3142 scripta
908 3062 1045 3147 incepi,
1078 3063 1154 3130 durn
1174 3066 1257 3149 qnod
1284 3073 1394 3149 psotns

272 3165 414 3228 sanctum
443 3163 577 3247 repperit
605 3167 730 3230 dextera
757 3184 867 3231 sersus
893 3167 1040 3251 signauit.
1080 3168 1171 3233 deum
1204 3187 1327 3252 precor,
1359 3175 1395 3236 nt

318 3399 339 3454 2
365 3399 466 3469 pratuli
490 3397 603 3457 BLYV
700 3403 855 3474 epistularis
877 3406 912 3473 B,
942 3405 1095 3478 epistolaris
1117 3407 1236 3464 mu
1316 3404 1392 3464 ‘ten

270 3487 360 3542 miuus
377 3485 406 3542 B
504 3487 522 3542 4
539 3487 650 3542 runnu
668 3489 715 3544 ost
731 3489 906 3548 sslutsticnis
921 3490 986 3558 fort.

320 3587 403 3644 XXV.
438 3588 453 3642 i
476 3589 617 3658 eugenetis
637 3591 664 3647 T
762 3594 781 3647 8
796 3595 867 3664 apud
885 3609 933 3650 uos
949 3610 1004 3652 non
1020 3611 1078 3650 ssse
1095 3594 1178 3651 θέω.
1283 3597 1315 3652 10
1332 3599 1390 3654 ani·

268 3691 329 3732 nnus
347 3689 382 3728 cor
398 3687 502 3728 smnus
519 3673 546 3731 L
645 3677 678 3731 11
695 3677 891 3748 suspitionibus
908 3679 964 3736 XT
1060 3679 1093 3736 18
1109 3680 1276 3752 paris-tibus
1292 3682 1322 3738 L

268 3775 310 3815 rue
330 3759 391 3816 Tc.
408 3758 426 3818 i.
443 3762 510 3816 Μ
608 3761 640 3816 14
656 3761 795 3833 impetrati
812 3764 896 3824 Sim.
981 3765 1152 3836 prerogatina
1167 3766 1196 3822 B
1293 3770 1327 3826 15
1344 3769 1388 3826 de·

268 3845 380 3985 33⁰sz
402 3845 434 3899 iss
456 3844 575 3904 debitam
595 3848 621 3902 Τ
640 3863 712 3906 sorr.
729 3854 803 3906 Μ
905 3852 936 3906 17
962 3851 1096 3908 delucides
1122 3852 1150 3910 B
1252 3852 1313 3908 uslc
1338 3871 1388 3912 oss.

317 4031 913 4104 XXV1.190pistuslsstltct.i7w.L
1014 4044 1320 4100 ennodinssnissoB

265 4120 300 4174 au
317 4121 365 4175 isso
383 4118 418 4175 Τ·
495 4120 555 4176 tl
575 4123 731 4194 rslsgicssm
749 4125 801 4180 B·
878 4128 914 4184 su
929 4129 1018 4185 lucen
1036 4129 1072 4185 Τ*
1173 4130 1273 4200 suscipi
1290 4131 1319 4185 B

264 4214 458 4312 limporitT
