2992 4967
476 387 713 457 Epistularum
732 386 823 441 liber
840 385 878 442 11.
1193 380 1239 447 43

109 583 173 648 iem
189 583 317 650 statutis
332 581 476 652 fidelibus
492 575 681 667 obligatam:
704 597 759 664 ego
775 580 936 661 tamquam
951 579 989 644 de
1005 581 1103 648 bonae
1118 566 1236 649 arboris

109 689 224 768 reditu,
257 687 303 752 ita
326 687 363 752 de
386 687 515 754 caritate
545 685 654 750 mutua
683 682 810 748 idoneus
832 701 921 767 carpo
943 702 1035 765 poma
1062 703 1235 767 possessor:

109 791 197 857 nulla
219 789 357 873 partium
387 789 420 855 in
443 790 573 871 aucupio
605 785 799 852 discessionis
821 786 901 867 qnod
923 785 988 851 fieri
1010 787 1112 853 noluit
1145 792 1237 874 neget

108 893 273 976 inpletum.
312 893 394 977 apud
416 896 507 959 deum
530 891 611 955 uotis
635 893 689 954 aut
712 889 898 972 supplicium
920 890 1049 956 debetur
1069 898 1124 957 aut
1145 912 1233 976 prue-

86 996 220 1062 smium.
245 1016 301 1082 ego
319 999 418 1062 inme
440 993 590 1079 religiosi,
613 993 646 1059 in
668 993 757 1060 uobis
780 993 969 1059 nobilissimi
991 995 1237 1062 consideratione

108 1099 260 1182 propositi
282 1100 321 1165 ad
344 1100 486 1164 effectum
516 1098 598 1162 inter
619 1115 673 1161 nos
697 1096 877 1161 concordiae
899 1098 1031 1164 aestimo
1055 1099 1238 1182 peruenisse

110 1223 189 1288 quae
206 1207 410 1286 coeptarunt,
434 1218 491 1266 nec
506 1199 757 1266 adulescentibus
773 1200 892 1284 gratiae
906 1200 938 1265 et
952 1202 985 1266 in
1003 1221 1116 1267 nouam
1131 1203 1234 1269 lucem

109 1305 345 1390 erumpentibus
379 1303 520 1390 frugibus
554 1303 717 1369 uerborum
747 1302 836 1384 potui
866 1322 980 1387 negare
1003 1307 1234 1383 commercium,

110 1429 183 1476 cum
206 1410 297 1491 culpa
320 1407 431 1492 dignus
455 1407 496 1471 sit
519 1407 573 1490 qui
596 1406 629 1470 in
651 1405 817 1471 uicinitate
850 1405 970 1487 positus
992 1407 1094 1472 noluit
1115 1409 1236 1490 primus

75 1530 99 1570 ιο
109 1514 259 1596 incipere.
297 1513 329 1576 in
352 1513 409 1578 hac
433 1530 507 1596 ergo
528 1513 618 1593 purte
640 1510 766 1592 pudoris
790 1512 896 1575 uolens
917 1512 1017 1575 uitare
1039 1510 1234 1594 dispendium

109 1617 182 1680 nolo
205 1615 337 1680 euadere
358 1614 535 1696 opinionem
565 1611 733 1690 temerarii,
768 1612 934 1677 dummodo
957 1615 995 1678 ad
1017 1613 1161 1679 effectum
1184 1633 1237 1678 me

109 1719 273 1784 ostendam
295 1717 473 1800 peruenisse
487 1715 629 1799 perlecti.
659 1715 953 1798 opportunissimum
969 1717 1152 1799 portitorem
1168 1735 1234 1782 sar·

108 1821 182 1888 cina
204 1821 331 1902 inperiti
359 1821 509 1885 sermonis
537 1821 662 1884 onereui
696 1817 811 1883 affectu
839 1818 1031 1901 delinquens,
1065 1838 1233 1903 perquem

109 1925 163 2006 qui
185 1922 362 2006 peccauerit
385 1925 417 1988 et
438 1921 565 1988 ueniam
588 1923 725 1986 meretur
747 1924 780 1986 et
802 1921 948 2004 gratiam.
971 1941 1045 2007 rogo
1060 1941 1132 2005 ergo
1149 1923 1234 1988 sulu-

74 2025 240 2092 rotationis
264 2026 466 2091 effusissimae
489 2025 629 2090 debitum
652 2023 788 2102 soluens,
807 2027 852 2101 ut,
875 2024 902 2088 si
922 2043 973 2089 ms
996 2026 1081 2091 cordi
1102 2025 1236 2108 habetis,

109 2130 147 2194 de
170 2129 319 2196 uberrimi
350 2127 518 2194 ostendatis
542 2127 711 2192 directione
735 2126 899 2208 conloquii,
923 2127 997 2208 quie
1017 2127 1099 2194 sicut
1121 2130 1236 2195 amoris

109 2231 249 2298 elocutor
261 2233 293 2296 et
305 2232 441 2314 copiosus
456 2231 594 2296 adsertor
610 2249 650 2306 ee,
666 2232 711 2296 ita
722 2229 822 2296 nescis
834 2231 927 2294 alicui
942 2231 1053 2296 blanda
1067 2231 1235 2296 uerborum

109 2335 268 2401 fucatione
291 2335 443 2402 deludere.

654 2507 689 2570 V.

73 2661 98 2700 ac
484 2643 667 2700 andonius
695 2641 860 2698 Lucumo

151 2769 331 2852 Numquam
365 2767 447 2832 inter
481 2771 619 2833 amantes
653 2766 777 2832 silentio
810 2766 889 2831 bene
916 2768 1071 2832 multatur
1103 2767 1234 2833 offensor

108 2873 239 2958 grauius
261 2873 456 2937 inuentorem
479 2869 613 2952 percutit
635 2869 792 2935 uindictae
809 2871 931 2934 nouitas
947 2887 1040 2951 quam
1062 2871 1232 2935 errantem:

107 2977 195 3042 nefas
212 2979 259 3040 ast
274 2991 328 3058 pro
345 2974 557 3039 emendatione
574 2973 735 3056 culparum
748 2973 855 3056 culpas
871 2971 1023 3052 adhiberi,
1040 2972 1113 3037 dum
1129 2973 1235 3037 studio

109 3077 280 3143 curationis
309 3079 360 3160 qui
388 3077 530 3142 medetur
552 3077 711 3160 aegrescit.
756 3076 841 3140 uolui
870 3075 1116 3140 iacitumitatem
1138 3093 1232 3159 quam

74 3185 192 3247 recirca
214 3199 264 3244 me
288 3179 439 3244 hactenus
461 3179 524 3243 mei
545 3179 732 3244 inmemores
754 3179 901 3243 seruastis
917 3177 1049 3256 imitari,
1073 3177 1127 3243 sed
1141 3180 1235 3244 homo

108 3284 190 3350 lenis
213 3283 388 3348 animorum
412 3281 541 3346 fortium
556 3300 618 3345 non
633 3281 721 3363 potui
736 3299 868 3364 aequare
884 3284 1107 3364 contemptum.
1129 3281 1234 3346 uictus

163 3541 178 3592 1
197 3537 320 3606 obligata
337 3538 372 3606 B,
402 3537 554 3607 oblegatam
573 3537 655 3592 LTV
766 3540 894 3606 tanquam
915 3538 942 3592 T
1051 3537 1157 3606 dquod
1173 3537 1233 3591 fieri

107 3623 197 3678 noluit
219 3621 245 3675 V
259 3623 291 3676 iu
307 3638 363 3678 ros.
380 3628 450 3678 naz
548 3622 657 3691 'lcapte
677 3621 735 3688 PT,
763 3622 928 3690 conceptaL
1023 3621 1233 3677 aduliscentibus

107 3711 135 3764 Β
222 3707 406 3763 8ccmerciurn
418 3707 479 3778 PT,
497 3711 677 3764 commertium
695 3709 720 3763 V
813 3709 846 3763 10
857 3707 1023 3777 dispendium
1034 3709 1063 3763 Β
1148 3708 1180 3763 11
1191 3707 1233 3762 ei·

107 3829 208 3885 lectum
220 3829 280 3896 Lu,
306 3801 428 3884 illectum
444 3830 624 3885 Vcorr.m.1
722 3829 756 3882 12
767 3829 1000 3898 oportunissimum
1012 3827 1165 3885 BLPTVb

107 3915 141 3970 13
158 3914 286 3972 honamui
307 3915 341 3968 Τι
445 3917 478 3969 15
495 3915 654 3970 edusmsirne
671 3916 699 3970 L
795 3914 873 3970 corde
889 3916 955 3981 sort.
1057 3915 1089 3968 17
1107 3917 1234 3984 cupiosus

107 4001 135 4055 Β
233 4000 318 4056 nescit
334 4001 362 4054 Β
458 4001 610 4071 uerborum]
629 4017 778 4056 sermonum
798 4001 840 4055 Pb
952 4000 985 4056 18
1002 4000 1122 4056 diluders
1138 4001 1166 4056 Β

158 4121 191 4178 V.
226 4121 262 4176 20
278 4122 396 4176 laconsio
415 4123 443 4177 L
544 4121 577 4176 21
597 4123 744 4176 amans-tes
763 4120 790 4174 L
805 4122 834 4174 te
850 4119 915 4187 fort.
933 4135 1003 4174 erce.
1097 4120 1132 4175 23
1148 4110 1232 4176 ’men-

108 4209 215 4264 dationa
228 4207 255 4262 Β
346 4205 460 4262 adsibari
472 4207 499 4261 L
516 4207 617 4262 herae.
713 4207 746 4260 24
758 4205 875 4260 midatur
892 4203 928 4259 1⁷¹
1015 4207 1125 4276 egrireit
1136 4205 1163 4259 Β

107 4294 236 4350 uoluitT
319 4293 512 4348 idactenusB
598 4292 915 4358 solenes13‚1eoiooer
928 4293 1008 4347 ditm.
1096 4289 1233 4360 equareB
