2992 4967
645 312 762 383 Magni
778 310 907 367 uerrere
926 312 1055 368 llnnodi

809 604 887 671 1111.

282 810 427 877 DICTIO
454 810 502 876 lN
530 805 819 877 nunioanronn
846 806 1175 876 1113811111Μο
1203 807 1424 877 nPfficoPo.

325 998 506 1083 Numquam
523 1018 640 1083 pauper
661 1017 741 1065 uena
755 998 910 1065 timeatur
930 997 1059 1081 ingenii,
1081 997 1136 1065 ubi
1150 1000 1239 1065 dines
1255 1003 1308 1066 est
1323 1018 1425 1067 eausa

282 1102 415 1169 elioenai.
460 1102 576 1169 transit
597 1100 775 1179 hominem,
806 1100 948 1185 quotiens
969 1100 1156 1168 eeeiestitus
1184 1103 1306 1169 militat
1328 1122 1423 1169 mens

280 1209 389 1275 nostra
411 1206 553 1285 sultanis,
576 1224 633 1271 neo
654 1206 688 1271 in
710 1206 881 1288 angustum
902 1204 1059 1287 redigitur
1072 1207 1263 1271 narrationis
1278 1206 1459 1285 exilitass

279 1312 307 1377 si
321 1309 424 1394 opifioi
438 1328 494 1375 suo
509 1310 692 1391 obsequium
707 1307 825 1373 referat
831 1310 1034 1375 ‘narraturus
1048 1308 1152 1391 potest
1169 1308 1254 1375 enim
1268 1310 1422 1395 lingnam

280 1412 441 1481 facundiae
469 1412 595 1479 dotibus
623 1430 734 1477 ornare
756 1410 811 1495 qni
834 1409 978 1477 eontulit
1001 1412 1034 1477 et
1060 1411 1135 1477 dare
1157 1411 1263 1479 uerbis
1283 1412 1422 1496 genium

280 1534 373 1600 quern
387 1516 522 1582 fatemm
537 1516 659 1582 dedisse
674 1531 859 1581 sermonem.
875 1530 950 1579 nam
960 1513 1135 1596 prophetici
1147 1513 1267 1581 dudum
1278 1517 1422 1581 maeiem

279 1620 361 1687 inuit
384 1618 516 1702 eloquii,
540 1618 616 1685 (ium
637 1618 677 1685 ad
698 1618 873 1701 perfectam
895 1615 1041 1701 magistri
1063 1618 1274 1701 eloquentiam
1294 1620 1331 1683 et
1351 1618 1420 1685 for·

278 1721 394 1789 tissimi
415 1722 579 1789 monitoris
602 1722 711 1787 tubam
739 1719 901 1786 imbecilla
924 1718 1028 1805 Moysi
1057 1720 1230 1803 erigeretur
1258 1720 1454 1789 infantiam

278 1826 332 1909 qni
354 1825 450 1892 nullis
471 1825 630 1909 gradibus,
655 1826 732 1891 rium
753 1824 901 1909 peritiam
921 1822 1106 1901 meditatur,
1129 1823 1270 1889 effloruit
1282 1842 1344 1889 nee
1357 1843 1419 1909 per

279 1928 394 1993 aetatis
416 1927 547 1994 alienius
569 1927 735 1994 seientiam
757 1927 798 1993 erl
818 1945 953 1993 messem
967 1925 1169 2009 perfeetionis
1182 1928 1338 2006 aseendit,
1360 1927 1419 2009 qni

278 2031 355 2095 dum
366 2031 514 2100 militem
535 2031 721 2097 infabricato
739 2031 880 2113 portauit
894 2029 1029 2115 ingenio,
1053 2028 1191 2095 officinm
1205 2030 1295 2097 duam
1311 2032 1420 2095 inssns

278 2136 425 2216 arripere,
448 2134 522 2217 quia
545 2135 717 2201 uerecunde
738 2133 860 2213 renuit,
891 2134 1069 2199 constanter
1094 2132 1251 2217 impleuit.
1289 2133 1336 2199 sie
1357 2152 1418 2198 nos

279 2236 482 2305 dedieationis
513 2239 594 2305 festa
624 2237 835 2317 celebrantes,
869 2239 953 2305 inter
983 2235 1136 2321 spiritalis
1165 2235 1305 2302 laetitiae
1333 2235 1450 2307 bonan

279 2342 508 2422 praestolamur
536 2342 691 2425 gratiam,
722 2342 800 2408 dum
822 2360 982 2423 paremus.
1016 2342 1099 2407 absit
1122 2340 1255 2407 formido
1278 2338 1415 2405 debilis:

278 2448 478 2511 remoueatur
505 2445 617 2511 fidncia
650 2444 787 2513 inaniter
821 2446 972 2527 conrepta
1007 2464 1062 2529 per
1092 2444 1242 2511 studium.
1287 2460 1346 2509 nos
1377 2444 1416 2507 de

278 2546 434 2613 humanae
461 2548 662 2632 perfeetionis
690 2550 851 2615 schemate
879 2566 936 2615 nee
961 2547 1191 2631 praesumimus
1214 2546 1334 2628 aliquid
1357 2562 1416 2611 ner
1489 2563 1490 2570 ¹

278 2650 438 2719 timemus.
467 2652 579 2719 deinde
602 2653 672 2737 quis
695 2653 728 2717 in
751 2653 836 2720 beati
861 2652 1012 2719 Iohannis
1032 2650 1201 2733 prophetae
1224 2651 1256 2713 et
1277 2648 1414 2731 apostoli

277 2753 447 2841 (landem),
470 2754 558 2821 ouius
580 2755 736 2838 templum
751 2756 811 2821 hoe
825 2754 1038 2822 sanetifieanit
1053 2757 1221 2837 ingressus,
1246 2754 1298 2818 nel
1321 2758 1447 2820 muta·

277 2856 402 2922 dubitet
423 2874 476 2922 ora
498 2858 617 2926 lanarii
640 2860 728 2925 enine
743 2860 846 2925 senior
869 2859 973 2943 gratia
987 2875 1081 2941 quam
1098 2858 1221 2935 natura,
1245 2856 1323 2920 dnm
1337 2860 1413 2919 ante

277 2958 358 3023 lueis
380 2960 558 3044 ingressum
583 2961 627 3044 pii
642 2964 728 3027 uatis
743 2961 908 3046 implesset
922 2958 1074 3039 offitium,
1097 2958 1194 3023 limen
1214 2959 1301 3023 nitar
1315 2957 1412 3021 hnins

278 3062 396 3126 uirtute
419 3062 569 3145 signauit.
593 3082 666 3130 narn
681 3084 743 3131 nno
759 3068 927 3147 eodemque
947 3063 1087 3145 tempere
1103 3064 1134 3126 et
1152 3065 1287 3127 matrem
1302 3062 1412 3127 ferun·

279 3161 376 3229 ditate
398 3166 534 3231 nobilem
557 3167 634 3233 feeit
656 3170 688 3232 et
716 3168 892 3233 inofficiosa
914 3164 1068 3251 genitoris
1090 3164 1177 3231 labia
1196 3166 1231 3230 in
1252 3164 1411 3248 loquelam

277 3264 446 3350 pristinam
468 3288 528 3335 usn
550 3273 710 3339 remeante
724 3268 909 3337 commonit.
938 3286 1030 3334 nemo
1051 3266 1221 3334 Iohannem
1244 3268 1448 3333 nominansa

277 3372 348 3452 pest
365 3372 498 3456 enernpli
513 3374 726 3456 praecedentis
742 3372 896 3439 miraonla
910 3370 1076 3453 pristinam
1088 3368 1214 3453 linguae
1228 3370 1411 3437 habitururn

328 3556 875 3628 1111.Saeraqua1uuue.aaasrm
965 3555 1172 3626 exsuperare
1258 3556 1411 3613 iiaeondie

279 3644 305 3698 Τ
396 3644 564 3713 tiptphetioi
583 3644 611 3699 L
697 3645 784 3701 dudi·
805 3648 844 3714 (m
862 3648 944 3711 erue.)
965 3645 992 3699 T
1075 3645 1160 3699 aoiem
1176 3643 1205 3700 Β
1299 3646 1411 3701 tinbet

277 3730 306 3787 Β
409 3731 443 3788 10
468 3734 621 3802 erogaretur
646 3732 675 3787 Β
786 3734 817 3788 11
844 3731 948 3787 nultius
977 3732 1012 3787 Τι
1123 3730 1157 3787 12
1182 3732 1287 3785 aetates
1311 3730 1342 3785 Β

277 3816 388 3885 seientia
415 3817 443 3871 Β
550 3817 585 3873 13
611 3818 675 3873 rlnrn
701 3818 817 3888 arripui,
846 3817 894 3872 (lin
921 3817 987 3873 latri
1093 3817 1129 3873 ll
1156 3816 1287 3886 surripere
1312 3814 1342 3871 L

276 3902 434 3971 ueneruntlie
450 3904 480 3959 L
564 3904 675 3961 rennuit
691 3905 720 3960 Β
807 3902 932 3973 implebit
948 3902 979 3959 Β
1065 3903 1098 3959 lt
1114 3902 1297 3959 melabnntes
1313 3903 1342 3959 Β

276 3986 412 4056 spiritales
428 3988 456 4045 L
553 3992 587 4047 1e
605 3991 801 4060 praestularnnr
817 3991 847 4047 Β
946 3989 979 4045 17
997 3990 1104 4045 inrarita
1121 3990 1149 4045 L
1246 4006 1296 4062 per
1313 3989 1342 4044 L

277 4072 311 4127 18
328 4076 443 4130 ammeta
459 4075 489 4130 Β
593 4077 626 4131 19
642 4079 671 4132 et
688 4077 805 4146 apostoli
823 4076 880 4144 Be,
907 4092 958 4131 em.
977 4076 1061 4131 LTV
1157 4078 1193 4132 20
1209 4076 1317 4131 landem
1333 4076 1408 4143 aaa,

275 4174 326 4217 om.
342 4159 407 4215 rure
503 4162 538 4217 22
555 4162 676 4218 officinm
693 4180 744 4219 erra
757 4164 785 4219 L
882 4162 917 4217 23
934 4162 1104 4233 significauit
1121 4164 1148 4219 L
1246 4162 1411 4219 ieeoneiitate

278 4245 304 4301 Τ
403 4247 438 4302 26
456 4249 633 4317 praesidentis
650 4250 690 4305 Βι
