2992 4967
450 358 687 429 Epistularum
709 360 799 415 liber
816 360 848 415 V.

578 566 714 633 XVIIII.

450 702 632 761 PAR'I'ENIO
654 702 848 761 ENNODIVS.

123 832 195 895 Non
217 830 252 893 in
274 829 305 894 te
327 828 464 893 admitor
486 830 637 895 sermonis
660 826 901 907 abstinentiam,
929 826 1003 911 quia
1024 828 1078 911 qui
1100 827 1211 915 exigua

75 932 255 999 condiderit
277 931 323 997 nil
344 931 500 1017 producit.
525 932 627 998 credis
649 932 706 998 sub
728 932 787 997 hac
810 930 968 997 occasione
985 930 1140 1016 profectus
1162 932 1209 997 tui

51 1036 181 1101 alatere
203 1034 435 1101 substantiam?
458 1038 490 1100 et
505 1035 701 1101 taciturnitas
717 1034 900 1118 inperitiam
914 1033 1018 1116 prodit
1034 1035 1065 1100 et
1079 1032 1210 1101 infabri-

75 1138 153 1203 cata
188 1136 399 1203 confabulatio
431 1136 613 1205 manifestat
649 1136 825 1203 infantilem.
869 1136 991 1205 interea
1020 1142 1093 1205 ante
1121 1139 1211 1223 inops

74 1240 202 1324 gratiae
223 1258 285 1305 non
308 1240 415 1321 luisti,
443 1240 545 1306 sciens
567 1238 643 1323 quid
664 1240 838 1322 diligentia,
866 1241 942 1323 quid
964 1242 1100 1309 amantis
1122 1242 1211 1309 solli-

74 1344 187 1410 citudo
209 1342 382 1427 flagitaret:
407 1344 510 1410 factus
533 1361 565 1408 es
588 1345 739 1410 bonamm
763 1361 867 1409 rerum
888 1344 1020 1423 nescius,
1043 1347 1209 1430 postquam

75 1450 109 1511 te
139 1446 182 1513 ad
217 1445 384 1513 obtinenda
418 1465 497 1530 quae
526 1449 680 1530 putantur
713 1465 836 1513 summa
864 1448 1082 1515 trasmisimus.
1127 1448 1209 1531 quod

40 1552 195 1626 prestat,
226 1550 298 1616 uale
321 1551 354 1617 et
374 1549 530 1632 accipiens
554 1547 715 1615 monitmis
739 1550 834 1614 uerba
855 1549 1053 1617 melioratum
1076 1555 1108 1617 te
1129 1550 1207 1617 scri·

74 1650 197 1735 ptionis
219 1652 409 1721 adsiduItete
432 1652 570 1735 diuulga.

609 1840 677 1906 XX.

482 1978 592 2035 nulio
619 1974 813 2033 nudonlvs.

120 2097 206 2162 Dum
235 2100 372 2165 remedia
400 2118 456 2166 sua
486 2100 609 2184 quaerit
636 2100 760 2166 affectio
782 2103 813 2164 et
840 2103 960 2166 aestum
986 2098 1205 2166 sollicitudinis

41 2202 239 2283 aconloqqu
256 2202 343 2285 cupit
359 2204 536 2270 medicante
553 2206 695 2283 releuant,
719 2202 858 2269 ardescit
879 2206 1003 2269 animus
1017 2202 1205 2287 pronisIonis

73 2305 242 2371 beneficio:
264 2306 345 2372 unde
361 2308 504 2391 extingui
521 2308 669 2385 creditur,
690 2309 885 2391 geminatum
907 2308 1088 2391 diligentiae
1103 2306 1205 2389 surgit

72 2407 267 2474 incendium.
313 2428 405 2493 saepe
433 2410 511 2475 mihi
545 2410 722 2476 baiulorum
756 2410 878 2492 copiam
906 2409 1098 2493 perquirenti
1131 2408 1203 2473 inde
1280 2450 1284 2457 -

72 2528 254 2594 aegrescere
283 2511 430 2596 contigit,
464 2512 546 2579 unde
574 2512 724 2595 opinabar
753 2513 835 2595 quod
863 2515 1023 2595 prodesset
1056 2512 1203 2578 accidere.

72 2631 146 2679 ecce
173 2614 316 2680 medetur
344 2615 507 2681 desideriis
536 2616 614 2682 meis
636 2617 690 2698 qui
712 2632 838 2680 suorum
861 2615 901 2680 ad
928 2634 984 2681 uos
1013 2632 1107 2679 causa
1131 2632 1203 2697 pro·

39 2718 216 2799 superauit:
249 2717 287 2783 fit
317 2718 533 2784 adiumentum
566 2720 762 2785 necessitatis
795 2719 914 2785 ali0nae
946 2718 1027 2801 quod
1060 2718 1202 2799 propriae

72 2821 319 2887 consideratione
335 2824 513 2905 suscipitur.
542 2822 649 2889 uidero
664 2824 740 2906 quid
757 2822 1014 2889 conmendatlone
1026 2838 1097 2885 mea
1108 2820 1202 2886 Boni-

73 2923 175 2989 facius
197 2928 396 3005 promouent:
420 2927 546 2991 interim
569 2926 740 3008 opitulatur
757 2924 871 2991 studiis
885 2926 964 2990 meis
979 2926 1060 3006 quod
1074 2923 1202 3005 prolixis

72 3045 91 3090 a
116 3044 167 3091 me
189 3027 334 3109 precibus
356 3031 536 3112 inpetrauit.
575 3030 661 3095 hune
689 3031 776 3096 bonis
799 3034 902 3094 ortum
930 3028 1086 3095 natalibus
1110 3029 1200 3093 testis

72 3130 236 3213 sanguinis
259 3148 347 3195 mens
363 3132 516 3213 designat.
540 3150 725 3217 germanum
747 3151 840 3197 suum
862 3132 1020 3216 praelatus
1041 3134 1073 3197 in
1090 3131 1202 3197 uicini·

39 3234 141 3298 atate
157 3232 369 3316 Aquileiensis
386 3234 526 3301 cinitatis
543 3234 658 3301 adserit
674 3254 739 3300 asse
762 3236 932 3318 captiuum,
956 3236 1009 3318 qui
1027 3236 1064 3299 ut
1080 3253 1098 3298 a
1114 3234 1201 3299 uobis

126 3436 245 3495 XVIIII.
281 3438 297 3491 2
315 3438 432 3507 partinio
446 3437 575 3492 ennodius
591 3438 626 3503 B,
653 3438 783 3493 ennodius
795 3438 920 3494 Partinio
938 3438 961 3505 b,
987 3438 1061 3492 auito
1074 3436 1203 3491 ennodius

72 3523 159 3580 ΜΨ
259 3524 393 3579 ilataerc
411 3525 438 3579 B
537 3526 564 3579 st
582 3538 632 3581 erre
650 3524 693 3579 Be
796 3524 982 3579 etacIturnitas
1001 3523 1202 3593 (patimus.)

72 3609 101 3664 B
205 3610 322 3679 dinops
346 3612 365 3679 (i
383 3612 414 3665 in
431 3614 498 3679 scs.)
522 3611 550 3665 B
652 3613 730 3682 des]
755 3617 770 3665 d
794 3610 821 3666 L
923 3612 985 3680 post
1008 3624 1086 3678 quem
1111 3608 1137 3662 Τ

71 3695 253 3765 9optInenda
270 3696 328 3752 BT
417 3698 731 3769 communioneq),
754 3695 1011 3753 marimaLPI'Ib
1105 3696 1138 3748 11
1156 3694 1202 3749 ad·

71 3782 204 3837 siduItate
223 3782 257 3847 (it
274 3783 305 3835 isa
322 3786 389 3851 raa.)
409 3784 436 3839 B
539 3785 655 3855 dauulga
673 3784 700 3839 L
904 3770 911 3781 ⁸

123 3884 182 3939 XX.
220 3886 251 3939 15
278 3883 411 3939 mediante
437 3884 518 3941 Siras.
622 3884 736 3941 reuelari
764 3884 791 3938 L
894 3882 1000 3936 animus
1027 3881 1047 3948 (i
1074 3894 1144 3935 corr.
1170 3880 1202 3934 in

71 3976 139 4041 rua.)
166 3971 194 4025 B
299 3972 333 4025 16
357 3971 521 4041 geminatam
545 3970 572 4025 B
676 3972 708 4027 1⁷
736 3970 841 4040 cupiam
869 3970 906 4024 ΒΙ
1009 3967 1042 4021 18
1068 3980 1201 4036 egreecere

70 4092 184 4149 anna
277 4092 414 4163 anunm
432 4093 475 4149 Po
566 4092 675 4163 prorue
693 4094 729 4158 n,
756 4062 893 4176 prosata
910 4090 937 4145 n
1033 4088 1065 4143 se
1082 4086 1201 4142 manus
1302 4114 1307 4119 -

72 4216 99 4271 a
194 4214 228 4267 m
241 4185 387 4284 litiosam
403 4213 434 4278 ν,
457 4214 615 4285 pcipiturP
708 4212 857 4269 samaeus
875 4212 911 4276 n,
938 4208 1134 4265 soleamus

72 4304 104 4358 23
121 4302 231 4357 hortum
249 4300 276 4355 B
380 4299 413 4353 25
430 4300 606 4370 aquiligensis
625 4301 659 4366 B,
687 4298 868 4369 aquilegensis
889 4298 915 4354 Τ
