2992 4967
470 375 705 447 Epistularum
722 376 814 432 liber
830 372 884 431 111.
1196 376 1235 445 91

113 565 202 650 pium
224 567 360 634 innubis
382 565 529 648 indolem,
554 567 581 633 si
595 564 727 633 Remum
743 565 861 652 diligit,
883 565 942 633 sub
957 567 1151 650 perennitate
1166 584 1238 633 oon·

112 674 220 736 seruet
248 669 280 736 et
301 669 479 736 huiusmodi
501 669 583 735 oinos
610 688 661 735 me
682 669 790 735 studio
821 668 878 735 sub
907 687 943 734 ee
965 686 1025 751 que
1051 667 1237 752 promisistis

113 789 189 838 oum
211 771 412 855 multiplieet.
446 771 528 838 uule.

609 957 745 1023 XXVII.

86 1103 101 1144 ε
503 1089 637 1150 nunno
658 1089 851 1147 nullumve.

157 1213 270 1282 Nescio
300 1216 406 1280 utrum
428 1215 638 1300 magnitudini
666 1219 788 1280 uestrse
816 1218 907 1299 grute
934 1215 998 1282 sint
1024 1215 1132 1283 erebra
1164 1235 1236 1283 oon-

109 1318 236 1402 loquiu:
252 1335 309 1402 ego
325 1320 431 1384 tomen
447 1335 567 1400 semper
583 1320 663 1402 quod
679 1317 806 1400 expecto
822 1320 865 1385 eb
879 1319 1057 1411 amentibus
1073 1318 1234 1386 exhibebo.

107 1420 216 1504 patior
248 1419 318 1486 eliis
342 1419 428 1486 uliud
461 1438 527 1486 esse
549 1421 756 1505 propositum:
793 1421 871 1488 mihi
900 1440 968 1488 meo
997 1423 1165 1488 uiuendum
1188 1425 1237 1488 est

108 1541 214 1604 more,
248 1525 283 1588 ut
304 1523 417 1589 umoris
445 1522 605 1606 plenitudo
628 1527 782 1589 reseretur
810 1524 898 1590 olene
926 1525 1092 1591 sermonis:
1126 1540 1181 1610 ego
1204 1525 1236 1590 in

72 1647 100 1687 ιο
108 1623 274 1692 niieodone
296 1623 445 1691 ebriosum
467 1627 631 1710 subrepere
653 1625 903 1692 tuoiturnitetem
932 1646 991 1693 usu
1012 1627 1151 1712 fugiente
1174 1645 1234 1692 non

109 1725 244 1814 perfero.
272 1745 353 1794 nuno
379 1726 406 1792 si
426 1729 556 1793 culmini
584 1732 639 1794 tno
665 1746 722 1811 par
744 1746 818 1794 euru
848 1731 913 1808 est,
946 1731 1136 1796 monstretur
1156 1729 1235 1795 ussi·

109 1831 234 1897 dnitete
252 1829 416 1914 conloquii,
439 1831 578 1913 petosout
599 1831 773 1916 inspuentin
792 1831 990 1898 litterarum:
1014 1833 1064 1896 sin
1084 1830 1155 1898 eliis
1178 1832 1234 1900 hn-

110 1935 221 1999 ctenus
242 1934 484 2017 proeooouputns
512 1933 624 2000 studiis
654 1934 688 2001 in
715 1952 819 2001 meum
838 1935 932 2002 modo
954 1933 1139 2001 oonmsefis
1159 1932 1234 2001 dili-

108 2037 220 2120 gentie
241 2037 414 2121 imperante
436 2038 633 2116 sententiam,
655 2041 809 2120 quantum
827 2038 864 2103 de
885 2040 941 2104 tuo
954 2036 1022 2105 inre
1041 2036 1231 2118 submiseris,

72 2125 238 2206 'intentum
268 2139 306 2206 de
332 2137 411 2205 meis
441 2137 597 2223 obsequiis
618 2140 799 2226 possidebis.
833 2142 1011 2226 eugendo,
1046 2140 1179 2219 domine,
1201 2142 1234 2206 et

108 2241 335 2309 munusculum
357 2242 476 2324 suscipe
498 2259 559 2307 non
581 2241 702 2310 uilitnte
717 2243 767 2309 sni
788 2239 843 2309 sed
863 2246 1004 2310 tanetum
1019 2243 1118 2325 pretio
1141 2242 1235 2308 desti·

108 2347 227 2412 nentis.
249 2345 332 2410 nole.

598 2532 745 2600 XXVIII.

451 2664 633 2724 eunomus
656 2665 868 2724 nvrnnrun.

72 2813 99 2853 so
154 2789 304 2871 Quamuis
327 2791 466 2858 mutetis
487 2796 610 2858 nostroe
631 2792 779 2878 peginam
798 2790 1005 2856 sollemnibus
1035 2794 1159 2859 tentum
1181 2809 1233 2859 no·
1290 2870 1292 2874 ⁸

108 2894 258 2977 nepissom
280 2895 396 2960 muniis
418 2894 596 2961 obseouium
612 2914 668 2961 neo
690 2893 815 2961 affeetui
839 2912 895 2959 neo
917 2895 1137 2961 neoessitndini
1160 2913 1232 2963 eon-

108 2999 285 3083 grnentem‚
309 3015 357 3062 res
373 2999 479 3064 tumen
501 2997 674 3082 postulauit
693 3015 742 3062 me
764 2995 891 3062 uiuariis
914 3015 971 3079 per
993 2995 1061 3062 stili
1082 2998 1231 3064 similitu·

108 3099 217 3166 dinem
238 3101 451 3183 peregrinante
474 3099 636 3186 diligentie
668 3103 851 3183 respondere
873 3098 1060 3183 oonloquiis‚
1096 3119 1135 3166 ne
1157 3099 1231 3167 sub·

107 3202 205 3268 trunti
227 3202 375 3268 sermonis
394 3201 533 3269 offioium
548 3221 609 3269 uon
625 3204 765 3268 uestrum
779 3201 952 3268 innotuisse
967 3201 1046 3268 mibi
1068 3204 1227 3282 astutiam.

162 3455 426 3527 rpsrnmnltsson
526 3455 695 3526 equuleo
796 3455 1144 3515 attinentium.

160 3550 469 3633 montebono
570 3575 780 3633 tunsone
881 3575 1230 3650 emortuorum·-

109 3661 191 3718 neor
291 3663 458 3720 droserotur
475 3664 548 3732 (etur
565 3664 598 3718 ior
615 3665 681 3730 rue.)
701 3661 729 3718 B
834 3663 867 3718 10
884 3663 1067 3734 subreperet,
1094 3661 1231 3733 subripere

108 3902 177 3942 corr.
195 3885 227 3941 ou
243 3863 298 3943 rus.
319 3884 350 3954 T,
378 3885 447 3940 siin
466 3883 509 3943 Pb
607 3889 639 3944 12
656 3854 724 3976 “5¹:¹⁸
741 3887 769 3942 Β
865 3889 976 3943 eotenus
992 3889 1021 3944 Β
1079 3873 1097 3883 ”
1121 3888 1155 3944 13
1171 3905 1229 3959 pre-

107 3987 287 4058 oeupotusl',
313 3991 548 4062 preoooupstusli
651 3989 823 4077 diligentium
850 3989 876 4047 T
908 4027 912 4034 -
974 3992 1010 4048 lb
1032 3991 1071 4046 mi
1089 3988 1230 4047 domineb

108 4097 181 4148 reete
196 4093 263 4160 fort.
366 4093 400 4148 ld
415 4095 560 4156 texendum
579 4095 672 4152 mutim
771 4095 807 4150 l‘l
823 4093 884 4150 uuio
900 4109 950 4149 oros
970 4094 1053 4151 Sim.

159 4193 287 4252 invni„
321 4195 357 4252 2⁰
374 4196 525 4267 nooipisssm
544 4199 645 4254 muniis
662 4199 699 4264 Β,
724 4199 823 4253 muniis
841 4198 999 4268 seoepimm
1020 4195 1100 4266 ΡΝ,
1126 4195 1230 4250 muniis

107 4281 264 4351 soeepissern
282 4281 382 4337 muniis
401 4280 459 4338 LV
558 4284 592 4339 24
611 4284 680 4339 mihi
697 4285 848 4340 innotuisse
866 4284 947 4341 Sim.
