2992 4967
574 346 690 401 Distio
708 346 772 403 Vll.
1175 350 1241 419 445

105 554 263 603 mammas
289 536 372 602 inter
394 534 507 619 enims,
520 536 653 603 euaouet
675 541 706 605 et
728 554 784 619 per
804 555 921 619 pascua
935 555 1028 620 peous
1042 554 1142 621 agere,
1165 540 1241 603 dum

104 642 146 707 ab
170 639 322 707 uberibus
345 638 474 723 pendet,
503 638 675 705 adsuescit:
698 638 799 721 patris
820 638 967 718 brachiis,
995 640 1071 705 dum
1093 640 1240 705 iuuencos

104 744 240 829 fatigat,
269 743 468 831 adiungitm:
491 745 620 825 prensat
649 744 808 809 dexteram
836 744 968 826 grandia
996 744 1088 809 terris
1119 740 1241 811 semina

105 846 359 913 committentem
388 846 420 911 et
447 842 591 909 sudorem
614 844 744 928 originis
768 862 844 911 suae
865 846 900 910 in
922 846 988 929 ipso
1019 844 1100 911 lueis
1129 844 1240 909 limine

80 952 289 1019 smeditatur.
313 948 388 1033 quid
403 967 461 1013 uos
478 948 613 1028 faeiatis,
631 967 707 1031 quos
722 948 906 1014 liberalibus
921 952 1107 1032 pepererunt
1122 952 1240 1014 matres

104 1054 245 1137 optimae
262 1052 459 1135 disciplinis?
482 1051 743 1135 peregrinandum
766 1052 856 1117 uobis
872 1054 920 1117 est
936 1052 1110 1137 egermine
1124 1051 1240 1131 ditiori,

104 1156 168 1223 nisi
190 1175 246 1221 uos
269 1156 389 1221 nobiles
413 1157 559 1222 instituta
574 1157 832 1222 monstrauerint.
854 1155 979 1222 habetis
994 1155 1158 1241 praeuium
1176 1156 1239 1220 elo·

105 1259 253 1345 quentiae
275 1276 459 1342 morumque
481 1262 655 1326 doctorem:
680 1258 798 1325 ourrite
817 1260 979 1343 prosapiae
999 1258 1137 1324 stimulis
1160 1257 1240 1325 inci-

106 1364 168 1429 tati
197 1364 243 1441 et,
272 1380 343 1427 oum
372 1381 427 1429 uos
457 1364 496 1428 ad
526 1380 656 1447 agonem
685 1365 824 1450 praemia
848 1364 1002 1446 promissa
1030 1361 1240 1447 perduxerint,

67 1466 171 1533 romei
187 1466 367 1531 meminisse
382 1464 565 1549 dignamini,
582 1468 654 1549 quia
669 1470 745 1531 sunt
762 1485 839 1551 quae
854 1465 974 1532 auobis
990 1468 1059 1549 poet
1074 1465 1241 1531 caelestem

106 1569 348 1637 retributionem
380 1570 532 1654 suffragia
554 1570 696 1635 hortator
719 1568 864 1652 aoeipiat.
909 1569 1096 1652 haereant,
1127 1566 1241 1633 nostris

107 1694 187 1757 quae
209 1692 265 1740 uos
289 1673 380 1739 liouit
402 1674 531 1740 noeibus
549 1674 720 1739 admoneri.
746 1693 801 1739 uos
817 1673 1013 1759 diligentiam
1028 1674 1163 1759 postoris
1178 1669 1242 1737 mei

108 1777 272 1861 expendite
295 1776 541 1843 consideratione
565 1778 746 1843 uerborum:
771 1797 832 1843 non
847 1777 1029 1861 phaleratus
1046 1794 1157 1856 sermo,
1180 1794 1241 1841 non

108 1880 304 1946 inlecebrosa
327 1880 453 1947 tantum
477 1886 509 1947 et
532 1881 657 1964 depieta
673 1881 753 1947 lueis
775 1882 913 1947 narratio
929 1881 1078 1946 delectet:
1103 1879 1241 1963 quaerite

68 1984 194 2067 rsapud
215 2004 265 2049 me
290 2002 350 2049 non
373 1985 488 2050 blanda
511 1985 565 2049 sed
592 1984 776 2063 necessaria,
800 2002 861 2050 uon
889 1983 1038 2049 deliciosa
1058 1984 1111 2049 sed
1135 1983 1237 2048 fortia.

108 2087 261 2171 numquid
276 2086 365 2152 iuuat
380 2106 528 2173 pompam
543 2090 646 2153 texere
662 2090 828 2171 praesepta
850 2086 1022 2154 daturum?
1044 2086 1097 2171 qui
1116 2084 1239 2169 probari

109 2207 172 2256 non
201 2192 302 2275 magis
332 2192 474 2255 sensibus
503 2208 596 2274 quarn
627 2209 768 2256 sermone
797 2191 935 2274 disponit
963 2190 1109 2257 alleotum
1139 2189 1241 2253 moni·

109 2293 187 2357 toris
211 2296 353 2359 euaouat.
399 2295 587 2379 ponderibus
612 2296 741 2359 ornetur
770 2294 867 2361 diotio
890 2293 1091 2378 castigantis:
1119 2292 1243 2357 lanoem

108 2396 145 2461 in
174 2396 388 2463 exhortatione
419 2399 527 2464 teneat
555 2400 609 2481 qui
638 2400 737 2481 gestit
764 2398 877 2463 audiri.
922 2396 1086 2463 institutor
1114 2392 1243 2462 uirtutis

69 2499 240 2584 replausns
264 2500 424 2567 excludat:
456 2500 532 2565 bene
559 2504 683 2567 morata
713 2502 813 2567 oratio
849 2501 985 2584 imperat
1011 2501 1092 2583 qnod
1121 2499 1241 2565 suadet.

110 2604 188 2668 haee
209 2604 237 2669 si
260 2604 415 2689 explicare
430 2622 548 2687 nequeo
572 2604 725 2670 iaoultate
747 2602 882 2685 dicendi,
905 2622 1009 2670 amare
1024 2606 1131 2668 tamen
1147 2600 1242 2667 didici

109 2707 359 2775 consideratione
390 2708 541 2793 propositi
571 2712 602 2773 et
633 2708 785 2773 eleotiona
814 2708 945 2774 consilii.
991 2725 1060 2791 pars
1088 2705 1242 2789 quaedam

108 2810 277 2893 probitatis
302 2817 358 2891 est,
393 2812 455 2877 etsi
475 2811 605 2895 implere
632 2830 777 2897 nequeas,
812 2830 901 2878 nosse
924 2810 1064 2876 meliora.
1102 2808 1242 2893 sequitur

110 2912 321 2981 examinatam
351 2914 560 2982 intentionem
590 2916 719 2983 effeetus
750 2915 869 3001 operis:
901 2915 1058 2998 proximus
1089 2912 1241 2995 magistro

71 3045 100 3087 rs
110 3016 228 3100 estqui
244 3016 350 3103 diligit
366 3020 548 3085 ornamenta
564 3021 733 3087 doetrinae.
751 3022 826 3086 deus
841 3020 949 3085 tamen
966 3019 1031 3084 uoti
1047 3036 1080 3083 se
1096 3016 1243 3083 comitem

110 3121 224 3207 iungat
252 3125 285 3186 et
312 3123 395 3204 quod
423 3122 557 3188 nouellis
584 3127 765 3207 praeceptor
795 3123 978 3189 oommendo
1008 3121 1176 3204 cespitibus
1210 3117 1244 3183 in

111 3224 214 3306 pomis
237 3228 399 3306 tamquam
426 3225 464 3290 de
487 3226 673 3293 hereditaria
695 3225 887 3309 possessione
909 3228 1083 3308 deoerpam.

207 3411 248 3465 Ι11
273 3410 308 3467 oi.
330 3410 408 3481 Verg.
428 3413 495 3467 Aen.
514 3410 559 3467 III
576 3412 627 3468 461

165 3581 297 3650 ipendet
317 3584 348 3647 T,
375 3582 471 3653 pendit
491 3581 622 3637 BLPVt
710 3581 838 3635 iuuenous
856 3580 884 3634 Β
969 3582 986 3633 3
1005 3578 1131 3646 praenest
1148 3575 1176 3628 Β

109 3666 256 3722 Ηιῐιιιίιιθ
279 3668 367 3724 P'Tb
470 3669 553 3722 dest
572 3666 650 3721 uobis
674 3666 761 3721 MV
859 3664 1008 3719 ditioreT
1109 3662 1192 3716 'luos
1211 3674 1245 3716 eto

110 3751 190 3807 uobis
217 3754 244 3809 T
258 3768 329 3809 corr.
431 3754 581 3824 praeatum]
606 3752 740 3822 praetium
765 3751 793 3806 Β
896 3750 930 3805 10
954 3748 1104 3819 dignamini
1130 3746 1177 3801 Po

1 3840 3 3855 “
110 3839 147 3893 12
162 3854 232 3909 quse
250 3853 297 3896 uos
316 3841 413 3895 uestris
425 3842 494 3911 .Pt;
522 3840 559 3907 of.
575 3838 678 3910 Vergil.
691 3840 760 3895 Aera
773 3838 827 3893 111
834 3841 887 3895 161
904 3838 968 3892 bueo
985 3838 1050 3890 snut
1066 3850 1135 3903 quae
1151 3836 1246 3889 noema

110 3944 424 3999 liosatteuooemoneri
517 3944 550 3999 13
561 3942 693 3998 faleratus
705 3940 820 3998 13an
910 3930 1069 4010 15'puu1,‚
1085 3918 1138 3992 a''‘¹
1153 3936 1180 3992 V

112 4030 388 4100 latmorumque
405 4048 424 4087 n
441 4034 523 4096 corr.)
542 4030 569 4086 Β
673 4029 732 4101 qni]
752 4028 817 4099 qnia
836 4028 993 4092 Tierua..
1021 4023 1109 4093 quisi
1127 4022 1177 4077 Pb

111 4116 145 4171 17
168 4132 221 4171 non
242 4119 331 4187 magis
354 4117 461 4187 probari
483 4116 529 4171 Pb
635 4116 667 4170 18
691 4116 793 4170 lauaem
816 4114 844 4169 Β
948 4113 979 4167 19
1001 4108 1169 4166 exortatione
1191 4106 1249 4167 ΒΡ

115 4198 170 4257 TV
244 4200 420 4258 munditia
499 4204 532 4256 21
545 4200 708 4257 dio-edicti,
788 4194 1059 4255 221eotioneLTVb
1137 4194 1244 4265 bllator]

112 4286 136 4343 si
155 4286 237 4343 Sim.
340 4288 375 4344 14
392 4288 538 4377 magistros
556 4288 584 4343 Β
687 4287 720 4341 Βδ
739 4302 784 4342 seo
801 4286 843 4343 Β*
941 4284 976 4338 16
992 4284 1031 4353 et]
1050 4281 1179 4351 etiamr
