2992 4967
635 331 749 402 Magni
766 331 895 388 Falinis
912 330 1042 386 Ennedi

815 573 869 638 vl.

363 761 487 820 elcale
508 759 648 817 annom
667 757 984 827 ulimmeriano
1002 759 1050 815 DE
1068 757 1168 818 aon
1186 757 1317 816 anons.

322 919 433 987 Amisa
466 917 514 984 est
546 917 667 984 homini
700 918 740 983 ad
769 915 908 1002 genitale
941 918 1044 985 solnm
1076 916 1247 983 reuertenti
1281 933 1413 998 semper

279 1023 431 1104 hilaritas,
455 1022 531 1088 dum
547 1024 661 1102 metus,
686 1037 897 1106 qneseumque
920 1021 949 1086 ei
970 1019 1182 1106 peregrinanti
1202 1036 1292 1084 mens
1314 1020 1413 1084 anxia

278 1124 417 1210 peperit,
439 1126 529 1210 qnasi
551 1123 729 1210 praefinitos
753 1127 785 1188 et
806 1125 891 1189 eaelo
913 1123 1063 1202 grauante
1084 1121 1251 1206 dispositos
1274 1139 1307 1186 ee
1332 1141 1412 1188 ena-

278 1230 357 1298 sisso
390 1229 525 1296 eenfidit.
562 1227 693 1294 debetur
724 1244 797 1312 ergo
829 1244 889 1292 nox
918 1244 1026 1292 serena
1056 1225 1212 1302 laetitiae,
1247 1244 1287 1291 ne
1315 1231 1412 1289 muta

277 1333 393 1417 gandia
419 1333 566 1398 maeroris
593 1329 765 1416 imaginem
794 1331 973 1396 sortiantur.
1007 1331 1057 1396 eui
1083 1330 1165 1396 enim
1187 1332 1294 1412 pateat
1316 1330 1447 1393 exul-r

276 1437 376 1502 tantis
407 1435 505 1503 animi
538 1436 695 1501 secretum
732 1432 794 1500 nisi
827 1435 888 1500 eris
921 1431 1009 1500 olaus
1043 1433 1238 1498 reseratum?
1274 1432 1411 1498 rednoes

278 1541 374 1632 etiam
396 1557 512 1625 eygnoe
534 1539 592 1604 alis
614 1536 721 1604 ludere
739 1537 928 1603 Mantuanus
949 1536 1096 1602 adseruit.
1120 1535 1193 1619 quid
1208 1553 1267 1622 ogo
1290 1533 1411 1601 feram

277 1643 311 1707 in
341 1641 442 1707 medio
475 1640 686 1724 deprehensns
720 1642 869 1724 abrupte,
898 1639 952 1723 qui
974 1641 1006 1706 ot
1027 1640 1183 1724 regrosmd
1211 1656 1280 1704 mee
1307 1637 1410 1704 debeo

277 1743 402 1810 dieendi
438 1744 531 1810 fidem
566 1749 598 1810 et
633 1728 808 1834 preposite
827 1742 953 1810 terendi
994 1742 1242 1810 necessitatem?
1285 1741 1409 1822 secede,

277 1864 405 1932 quaeso,
440 1848 480 1913 ad
507 1850 648 1930 tempas,
677 1846 773 1913 effioii
801 1863 931 1912 eensnra
962 1845 1130 1932 grauioris:
1167 1863 1339 1927 numquam
1374 1848 1445 1909 tere

277 1950 447 2032 opportune
480 1949 604 2034 modiis
637 1950 800 2017 miscuisti
848 1951 1071 2034 prophetarum
1104 1947 1312 2034 insignissimi
1348 1949 1409 2013 snb

278 2053 382 2135 legem
403 2071 551 2119 nemnem
572 2053 667 2119 narba
687 2053 865 2138 redigentes
887 2052 1023 2120 earmine
1045 2053 1199 2120 desideria
1212 2069 1269 2118 sna
1283 2054 1317 2118 et
1332 2053 1410 2116 ueta

279 2155 473 2220 eeeinerunt:
506 2155 612 2222 diuino
640 2160 765 2240 peetera
796 2157 937 2224 dedioata
966 2156 1129 2240 oenleqnie
1151 2156 1280 2240 pieetris
1301 2157 1409 2220 eoele-

277 2256 405 2324 siastioa
437 2276 492 2342 per
523 2259 653 2342 populos
688 2261 758 2324 iura
791 2259 976 2326 dinisemnt.
1012 2277 1067 2326 our
1096 2277 1153 2344 ogo
1175 2261 1210 2325 in
1232 2257 1350 2326 ordinis
1372 2263 1408 2323 et

279 2361 384 2426 meriti
417 2361 607 2426 eonstitntns
640 2363 776 2430 infantie
812 2363 964 2430 aemulari
1000 2380 1193 2430 summorum
1225 2361 1310 2428 faeta
1342 2378 1441 2427 nona

277 2463 438 2544 studeam,
472 2464 610 2531 marimo
632 2483 704 2531 enm
733 2467 880 2532 narrandi
908 2465 1113 2532 simulaerum
1136 2466 1246 2532 altaris
1268 2463 1407 2530 militem

278 2565 318 2630 ad
342 2565 520 2650 arripienda
547 2587 627 2652 qnae
655 2571 767 2635 eontra
795 2569 889 2636 fidem
917 2571 1066 2636 eueniunt
1093 2569 1176 2635 bella
1198 2567 1406 2635 eomeeereta

277 2687 334 2734 nee
356 2668 504 2738 dubitabo
527 2670 630 2738 dioere
651 2675 733 2754 qued
747 2671 905 2756 praesenti
921 2676 1044 2738 oenstat
1059 2671 1209 2756 example.
1236 2669 1405 2738 didioimns

277 2770 343 2838 iam
364 2791 425 2856 qne
446 2774 572 2841 turbine
592 2793 648 2858 pre
669 2793 776 2841 amoro
797 2774 869 2841 fidei
891 2775 983 2842 hasta
1003 2775 1144 2843 iaoienda
1157 2774 1209 2858 sit,
1232 2791 1332 2858 neqne
1346 2790 1404 2840 nes

277 2876 406 2941 uirtutis
428 2876 528 2960 pretio
549 2876 602 2942 nel
623 2877 727 2944 titulis
750 2876 915 2943 mediocris
938 2878 1095 2946 nendietns
1117 2878 1264 2944 eleuauit.
1298 2875 1438 2942 dieameo

277 2996 351 3061 erge
382 2978 483 3046 libens
516 2978 637 3046 mnsiee
664 2981 737 3047 stile
766 2981 881 3066 gaudia
903 3000 983 3062 mea,
1016 3000 1147 3065 quornm
1181 2979 1405 3064 perfectionem

276 3080 421 3146 maximis
454 3082 604 3164 promitto
634 3102 685 3149 me
722 3084 780 3149 dee
809 3085 968 3151 adnitente
998 3085 1110 3170 eloquii
1147 3084 1236 3150 lituis
1273 3082 1404 3150 nuntia-

276 3182 394 3248 turum.
430 3183 599 3267 pulsabunt
627 3204 677 3250 me
705 3185 931 3253 oblatrantium
964 3205 1083 3254 uenena
1116 3187 1314 3272 linguarum,
1349 3188 1404 3251 sed

377 3388 393 3442 ‘i
413 3389 448 3444 ei.
468 3387 569 3459 Vergit
588 3391 653 3444 Aen.
670 3389 753 3446 1406

326 3595 373 3652 vr
402 3595 558 3652 minoen
580 3596 643 3651 ne
752 3597 815 3653 ms
838 3599 878 3666 n,
909 3585 943 3654 ie.
967 3597 1052 3653 nne
1164 3597 1212 3652 en
1234 3599 1336 3654 een

275 3679 443 3750 &hylaritas
461 3681 519 3737 ΒΨ
575 3725 578 3728 .
619 3683 783 3753 peregrinati
806 3683 919 3740 mm
1017 3685 1190 3754 3granante
1209 3692 1238 3752 (a
1255 3686 1402 3754 aripret.)

276 3765 304 3822 Β
393 3767 545 3823 ieoniidet
561 3769 588 3823 Β
679 3769 825 3825 tmeroris
842 3770 909 3825 tetre·
999 3769 1125 3840 'isignes
1141 3770 1208 3825 aere
1296 3774 1402 3826 mantn-

275 3867 340 3907 anos
357 3853 385 3907 Β
472 3854 505 3908 11
516 3853 721 3923 epertnnete'tri
807 3857 840 3910 12
857 3856 950 3924 leget
1037 3856 1070 3911 14
1088 3870 1153 3924 ergo
1169 3855 1197 3911 L
1283 3856 1318 3910 15
1329 3871 1401 3910 emn-

275 3973 328 4028 lari
345 3973 429 4029 ΒΕΡ
532 3975 564 4030 16
586 3975 794 4032 simularem?
895 3978 927 4034 19
950 3977 1060 4033 iaeenda
1078 3977 1106 4032 L
1207 3975 1301 4047 nequo]
1321 3979 1401 4046 etque

274 4059 340 4126 fert.
444 4060 479 4115 20
496 4061 600 4130 praetio
619 4061 647 4116 Β
750 4061 784 4116 22
801 4063 931 4118 maximus
948 4063 976 4119 Β
1072 4079 1114 4118 me
1132 4063 1231 4120 ornT
1327 4063 1401 4118 anni-

275 4182 350 4235 ane
368 4181 431 4250 ne,
456 4186 591 4238 meme
607 4184 669 4252 nn,
696 4184 876 4239 mamea
967 4149 1029 4238 nei*
1048 4185 1109 4254 aeq
1126 4185 1224 4253 uem
1237 4184 1400 4248 eoem>

276 4267 308 4331 Γ,
336 4268 436 4338 eloquii
453 4268 541 4324 litoris
560 4267 642 4325 Siren
744 4271 901 4326 antianum
919 4271 954 4336 L,
980 4271 1187 4326 iniriatnmmt
