<?xml version="1.0" encoding="UTF-8"?>
<!DOCTYPE html PUBLIC "-//W3C//DTD XHTML 1.0 Transitional//EN"
    "http://www.w3.org/TR/xhtml1/DTD/xhtml1-transitional.dtd">
<html xmlns="http://www.w3.org/1999/xhtml" xml:lang="en" lang="en">
 <head>
  <title>
</title>
<meta http-equiv="Content-Type" content="text/html;charset=utf-8" />
  <meta name='ocr-system' content='tesseract 3.04.00' />
  <meta name='ocr-capabilities' content='ocr_page ocr_carea ocr_par ocr_line ocrx_word'/>
</head>
<body>
  <div class='ocr_page' id='page_1' title='image "./corpusscriptoru10wissgoog/corpusscriptoru10wissgoog_0209.png"; bbox 0 0 2992 4967; ppageno 0'>
   <div class='ocr_carea' id='block_1_1' title="bbox 433 372 1216 443">
    <p class='ocr_par' dir='ltr' id='par_1_1' title="bbox 433 372 1216 443">
     <span class='ocr_line' id='line_1_1' title="bbox 433 372 1216 443; baseline 0.003 -15"><span class='ocrx_word' id='word_1_1' title='bbox 433 374 669 443; x_wconf 72' lang='lat' dir='ltr'><strong>Epistularum</strong></span> <span class='ocrx_word' id='word_1_2' title='bbox 693 372 783 428; x_wconf 89' lang='lat' dir='ltr'><strong>iiber</strong></span> <span class='ocrx_word' id='word_1_3' title='bbox 800 372 869 431; x_wconf 91' lang='lat'>1111.</span> <span class='ocrx_word' id='word_1_4' title='bbox 1154 374 1216 441; x_wconf 78' lang='lat'><strong>105</strong></span> 
     </span>
    </p>
   </div>
   <div class='ocr_carea' id='block_1_2' title="bbox 49 562 1215 2613">
    <p class='ocr_par' dir='ltr' id='par_1_2' title="bbox 49 562 1215 2613">
     <span class='ocr_line' id='line_1_2' title="bbox 84 562 1213 647; baseline 0.002 -16"><span class='ocrx_word' id='word_1_5' title='bbox 84 564 262 631; x_wconf 68' lang='lat' dir='ltr'>inebriante</span> <span class='ocrx_word' id='word_1_6' title='bbox 284 580 346 629; x_wconf 91' lang='lat' dir='ltr'><strong>non</strong></span> <span class='ocrx_word' id='word_1_7' title='bbox 367 562 497 641; x_wconf 80' lang='lat' dir='ltr'><strong>sorbuit,</strong></span> <span class='ocrx_word' id='word_1_8' title='bbox 518 565 604 629; x_wconf 86' lang='lat' dir='ltr'><strong>dieas</strong></span> <span class='ocrx_word' id='word_1_9' title='bbox 618 582 693 630; x_wconf 86' lang='lat' dir='ltr'><strong>rura</strong></span> <span class='ocrx_word' id='word_1_10' title='bbox 707 562 887 632; x_wconf 76' lang='lat' dir='ltr'><strong>diffundere</strong></span> <span class='ocrx_word' id='word_1_11' title='bbox 921 564 1049 647; x_wconf 77' lang='lat' dir='ltr'><strong>tingunt</strong></span> <span class='ocrx_word' id='word_1_12' title='bbox 1072 563 1127 632; x_wconf 88' lang='lat' dir='ltr'><strong>aiii</strong></span> <span class='ocrx_word' id='word_1_13' title='bbox 1153 563 1213 632; x_wconf 83' lang='lat' dir='ltr'><strong>iin-</strong></span> 
     </span>
     <span class='ocr_line' id='line_1_3' title="bbox 86 665 1215 753; baseline 0.002 -22"><span class='ocrx_word' id='word_1_14' title='bbox 86 684 170 753; x_wconf 78' lang='lat' dir='ltr'><strong>guae</strong></span> <span class='ocrx_word' id='word_1_15' title='bbox 190 668 308 733; x_wconf 80' lang='lat' dir='ltr'><strong>murioe</strong></span> <span class='ocrx_word' id='word_1_16' title='bbox 330 684 412 749; x_wconf 85' lang='lat' dir='ltr'><strong>quae</strong></span> <span class='ocrx_word' id='word_1_17' title='bbox 432 666 538 731; x_wconf 86' lang='lat' dir='ltr'><strong>nuilus</strong></span> <span class='ocrx_word' id='word_1_18' title='bbox 559 666 598 731; x_wconf 92' lang='lat' dir='ltr'><strong>ad</strong></span> <span class='ocrx_word' id='word_1_19' title='bbox 620 668 760 751; x_wconf 77' lang='lat' dir='ltr'><strong>regalem</strong></span> <span class='ocrx_word' id='word_1_20' title='bbox 781 684 874 736; x_wconf 87' lang='lat' dir='ltr'><strong>osum</strong></span> <span class='ocrx_word' id='word_1_21' title='bbox 894 666 986 733; x_wconf 86' lang='lat' dir='ltr'><strong>ioeoa</strong></span> <span class='ocrx_word' id='word_1_22' title='bbox 1007 665 1161 745; x_wconf 87' lang='lat' dir='ltr'><strong>orbibnit,</strong></span> <span class='ocrx_word' id='word_1_23' title='bbox 1183 671 1215 733; x_wconf 89' lang='lat' dir='ltr'><strong>at</strong></span> 
     </span>
     <span class='ocr_line' id='line_1_4' title="bbox 85 768 1214 855; baseline -0.003 -16"><span class='ocrx_word' id='word_1_24' title='bbox 85 771 217 840; x_wconf 85' lang='lat' dir='ltr'><strong>disereti</strong></span> <span class='ocrx_word' id='word_1_25' title='bbox 240 770 337 835; x_wconf 85' lang='lat' dir='ltr'><strong>maris</strong></span> <span class='ocrx_word' id='word_1_26' title='bbox 365 770 475 855; x_wconf 51' lang='lat' dir='ltr'><strong>Quota</strong></span> <span class='ocrx_word' id='word_1_27' title='bbox 497 770 609 836; x_wconf 80' lang='lat' dir='ltr'><strong>conteis</strong></span> <span class='ocrx_word' id='word_1_28' title='bbox 632 770 705 837; x_wconf 82' lang='lat' dir='ltr'><strong>lam</strong></span> <span class='ocrx_word' id='word_1_29' title='bbox 726 772 827 837; x_wconf 86' lang='lat' dir='ltr'><strong>solam</strong></span> <span class='ocrx_word' id='word_1_30' title='bbox 848 771 950 837; x_wconf 84' lang='lat' dir='ltr'><strong>luoom</strong></span> <span class='ocrx_word' id='word_1_31' title='bbox 975 768 1060 836; x_wconf 90' lang='lat' dir='ltr'><strong>bibit</strong></span> <span class='ocrx_word' id='word_1_32' title='bbox 1081 768 1214 853; x_wconf 83' lang='lat' dir='ltr'><strong>eloquii:</strong></span> 
     </span>
     <span class='ocr_line' id='line_1_5' title="bbox 84 874 1214 959; baseline -0.002 -18"><span class='ocrx_word' id='word_1_33' title='bbox 84 876 229 943; x_wconf 86' lang='lat' dir='ltr'><strong>redditur</strong></span> <span class='ocrx_word' id='word_1_34' title='bbox 240 874 600 959; x_wconf 79' lang='lat' dir='ltr'><strong>dignumprinoipalibus</strong></span> <span class='ocrx_word' id='word_1_35' title='bbox 611 874 806 941; x_wconf 85' lang='lat' dir='ltr'><strong>indumentis</strong></span> <span class='ocrx_word' id='word_1_36' title='bbox 817 874 1004 957; x_wconf 83' lang='lat' dir='ltr'><strong>quioquidin</strong></span> <span class='ocrx_word' id='word_1_37' title='bbox 1018 874 1075 939; x_wconf 89' lang='lat' dir='ltr'><strong>uili</strong></span> <span class='ocrx_word' id='word_1_38' title='bbox 1085 891 1214 941; x_wconf 85' lang='lat' dir='ltr'><strong>munere</strong></span> 
     </span>
     <span class='ocr_line' id='line_1_6' title="bbox 63 977 1214 1046; baseline 0.002 -3"><span class='ocrx_word' id='word_1_39' title='bbox 63 980 259 1045; x_wconf 71' lang='lat' dir='ltr'><strong>prelatorum</strong></span> <span class='ocrx_word' id='word_1_40' title='bbox 274 979 369 1045; x_wconf 89' lang='lat' dir='ltr'><strong>uerba</strong></span> <span class='ocrx_word' id='word_1_41' title='bbox 383 977 597 1045; x_wconf 87' lang='lat' dir='ltr'><strong>eoloranerint.</strong></span> <span class='ocrx_word' id='word_1_42' title='bbox 620 980 675 1044; x_wconf 93' lang='lat' dir='ltr'><strong>sed</strong></span> <span class='ocrx_word' id='word_1_43' title='bbox 690 979 729 1045; x_wconf 86' lang='lat' dir='ltr'><strong>ab</strong></span> <span class='ocrx_word' id='word_1_44' title='bbox 745 979 921 1045; x_wconf 86' lang='lat' dir='ltr'><strong>huiusmodi</strong></span> <span class='ocrx_word' id='word_1_45' title='bbox 936 978 1115 1046; x_wconf 71' lang='lat' dir='ltr'><strong>urbanitate</strong></span> <span class='ocrx_word' id='word_1_46' title='bbox 1130 978 1214 1046; x_wconf 74' lang='lat' dir='ltr'><strong>mres</strong></span> 
     </span>
     <span class='ocr_line' id='line_1_7' title="bbox 85 1082 1213 1166; baseline 0.001 -21"><span class='ocrx_word' id='word_1_47' title='bbox 85 1101 136 1147; x_wconf 90' lang='lat' dir='ltr'><strong>me</strong></span> <span class='ocrx_word' id='word_1_48' title='bbox 169 1082 289 1166; x_wconf 86' lang='lat' dir='ltr'><strong>pariter</strong></span> <span class='ocrx_word' id='word_1_49' title='bbox 322 1084 354 1147; x_wconf 90' lang='lat' dir='ltr'><strong>et</strong></span> <span class='ocrx_word' id='word_1_50' title='bbox 376 1083 450 1147; x_wconf 84' lang='lat' dir='ltr'><strong>noio</strong></span> <span class='ocrx_word' id='word_1_51' title='bbox 472 1082 660 1148; x_wconf 76' lang='lat' dir='ltr'><strong>subducunt</strong></span> <span class='ocrx_word' id='word_1_52' title='bbox 693 1083 782 1149; x_wconf 77' lang='lat' dir='ltr'><strong>nuda</strong></span> <span class='ocrx_word' id='word_1_53' title='bbox 810 1082 949 1149; x_wconf 86' lang='lat' dir='ltr'><strong>olarioris</strong></span> <span class='ocrx_word' id='word_1_54' title='bbox 982 1082 1050 1148; x_wconf 88' lang='lat' dir='ltr'><strong>suoi</strong></span> <span class='ocrx_word' id='word_1_55' title='bbox 1076 1082 1213 1146; x_wconf 86' lang='lat' dir='ltr'><strong>stamina</strong></span> 
     </span>
     <span class='ocr_line' id='line_1_8' title="bbox 84 1182 1213 1272; baseline -0.004 -19"><span class='ocrx_word' id='word_1_56' title='bbox 84 1207 140 1272; x_wconf 89' lang='lat' dir='ltr'><strong>per</strong></span> <span class='ocrx_word' id='word_1_57' title='bbox 161 1204 213 1251; x_wconf 92' lang='lat' dir='ltr'><strong>me</strong></span> <span class='ocrx_word' id='word_1_58' title='bbox 237 1187 399 1269; x_wconf 78' lang='lat' dir='ltr'>splendore</span> <span class='ocrx_word' id='word_1_59' title='bbox 414 1186 606 1253; x_wconf 89' lang='lat' dir='ltr'><strong>rutilabunt:</strong></span> <span class='ocrx_word' id='word_1_60' title='bbox 631 1204 720 1251; x_wconf 90' lang='lat' dir='ltr'><strong>nemo</strong></span> <span class='ocrx_word' id='word_1_61' title='bbox 743 1184 864 1250; x_wconf 87' lang='lat' dir='ltr'><strong>dietum</strong></span> <span class='ocrx_word' id='word_1_62' title='bbox 887 1187 924 1251; x_wconf 93' lang='lat' dir='ltr'><strong>de</strong></span> <span class='ocrx_word' id='word_1_63' title='bbox 946 1184 1049 1270; x_wconf 87' lang='lat' dir='ltr'><strong>aliquo</strong></span> <span class='ocrx_word' id='word_1_64' title='bbox 1072 1182 1213 1249; x_wconf 89' lang='lat' dir='ltr'><strong>inueniet</strong></span> 
     </span>
     <span class='ocr_line' id='line_1_9' title="bbox 85 1284 1213 1373; baseline -0.006 -16"><span class='ocrx_word' id='word_1_65' title='bbox 85 1290 169 1373; x_wconf 90' lang='lat' dir='ltr'><strong>quod</strong></span> <span class='ocrx_word' id='word_1_66' title='bbox 192 1290 225 1354; x_wconf 95' lang='lat' dir='ltr'><strong>in</strong></span> <span class='ocrx_word' id='word_1_67' title='bbox 248 1289 315 1353; x_wconf 88' lang='lat' dir='ltr'><strong>eius</strong></span> <span class='ocrx_word' id='word_1_68' title='bbox 338 1288 461 1355; x_wconf 88' lang='lat' dir='ltr'><strong>aetibns</strong></span> <span class='ocrx_word' id='word_1_69' title='bbox 483 1306 546 1354; x_wconf 91' lang='lat' dir='ltr'><strong>non</strong></span> <span class='ocrx_word' id='word_1_70' title='bbox 569 1289 727 1373; x_wconf 79' lang='lat' dir='ltr'><strong>agnoscat.</strong></span> <span class='ocrx_word' id='word_1_71' title='bbox 751 1284 824 1352; x_wconf 88' lang='lat' dir='ltr'><strong>bino</strong></span> <span class='ocrx_word' id='word_1_72' title='bbox 845 1288 956 1370; x_wconf 89' lang='lat' dir='ltr'><strong>pudori</strong></span> <span class='ocrx_word' id='word_1_73' title='bbox 977 1305 1047 1352; x_wconf 89' lang='lat' dir='ltr'><strong>meo</strong></span> <span class='ocrx_word' id='word_1_74' title='bbox 1068 1286 1120 1351; x_wconf 90' lang='lat' dir='ltr'><strong>uel</strong></span> <span class='ocrx_word' id='word_1_75' title='bbox 1142 1302 1213 1369; x_wconf 90' lang='lat' dir='ltr'><strong>pro·</strong></span> 
     </span>
     <span class='ocr_line' id='line_1_10' title="bbox 84 1388 1212 1477; baseline -0.004 -19"><span class='ocrx_word' id='word_1_76' title='bbox 84 1394 186 1477; x_wconf 85' lang='lat' dir='ltr'><strong>posito</strong></span> <span class='ocrx_word' id='word_1_77' title='bbox 203 1408 332 1457; x_wconf 88' lang='lat' dir='ltr'><strong>manum</strong></span> <span class='ocrx_word' id='word_1_78' title='bbox 347 1393 480 1477; x_wconf 78' lang='lat' dir='ltr'><strong>porrigo,</strong></span> <span class='ocrx_word' id='word_1_79' title='bbox 498 1392 578 1473; x_wconf 88' lang='lat' dir='ltr'><strong>quod</strong></span> <span class='ocrx_word' id='word_1_80' title='bbox 593 1391 642 1457; x_wconf 91' lang='lat' dir='ltr'><strong>illi</strong></span> <span class='ocrx_word' id='word_1_81' title='bbox 656 1391 821 1475; x_wconf 89' lang='lat' dir='ltr'><strong>praeuinm</strong></span> <span class='ocrx_word' id='word_1_82' title='bbox 836 1389 970 1474; x_wconf 88' lang='lat' dir='ltr'><strong>inpendo</strong></span> <span class='ocrx_word' id='word_1_83' title='bbox 985 1389 1048 1457; x_wconf 86' lang='lat' dir='ltr'><strong>oris</strong></span> <span class='ocrx_word' id='word_1_84' title='bbox 1062 1388 1212 1467; x_wconf 82' lang='lat' dir='ltr'><strong>efflatum,</strong></span> 
     </span>
     <span class='ocr_line' id='line_1_11' title="bbox 52 1492 1213 1579; baseline -0.002 -18"><span class='ocrx_word' id='word_1_85' title='bbox 52 1524 77 1563; x_wconf 83' lang='grc' dir='ltr'><strong>ιο</strong></span> <span class='ocrx_word' id='word_1_86' title='bbox 85 1496 139 1579; x_wconf 89' lang='lat' dir='ltr'><strong>qui</strong></span> <span class='ocrx_word' id='word_1_87' title='bbox 163 1494 203 1561; x_wconf 92' lang='lat' dir='ltr'><strong>ad</strong></span> <span class='ocrx_word' id='word_1_88' title='bbox 225 1493 370 1560; x_wconf 76' lang='lat' dir='ltr'><strong>notitiam</strong></span> <span class='ocrx_word' id='word_1_89' title='bbox 387 1496 525 1559; x_wconf 70' lang='lat' dir='ltr'><strong>uerbum</strong></span> <span class='ocrx_word' id='word_1_90' title='bbox 541 1492 636 1559; x_wconf 87' lang='lat' dir='ltr'><strong>rebus</strong></span> <span class='ocrx_word' id='word_1_91' title='bbox 651 1494 729 1559; x_wconf 88' lang='lat' dir='ltr'><strong>bene</strong></span> <span class='ocrx_word' id='word_1_92' title='bbox 744 1496 842 1577; x_wconf 79' lang='lat' dir='ltr'><strong>gestis</strong></span> <span class='ocrx_word' id='word_1_93' title='bbox 857 1495 999 1561; x_wconf 83' lang='lat' dir='ltr'><strong>ooourrit</strong></span> <span class='ocrx_word' id='word_1_94' title='bbox 1022 1492 1213 1559; x_wconf 84' lang='lat' dir='ltr'><strong>Venantium</strong></span> 
     </span>
     <span class='ocr_line' id='line_1_12' title="bbox 84 1594 1213 1681; baseline -0.004 -16"><span class='ocrx_word' id='word_1_95' title='bbox 84 1600 124 1665; x_wconf 88' lang='lat' dir='ltr'><strong>V.</strong></span> <span class='ocrx_word' id='word_1_96' title='bbox 147 1597 180 1664; x_wconf 77' lang='lat' dir='ltr'><strong>(t.</strong></span> <span class='ocrx_word' id='word_1_97' title='bbox 205 1598 314 1681; x_wconf 90' lang='lat' dir='ltr'><strong>loquor</strong></span> <span class='ocrx_word' id='word_1_98' title='bbox 336 1596 453 1663; x_wconf 88' lang='lat' dir='ltr'><strong>ideireo</strong></span> <span class='ocrx_word' id='word_1_99' title='bbox 476 1616 495 1663; x_wconf 91' lang='lat' dir='ltr'><strong>a</strong></span> <span class='ocrx_word' id='word_1_100' title='bbox 516 1616 566 1663; x_wconf 89' lang='lat' dir='ltr'><strong>ms</strong></span> <span class='ocrx_word' id='word_1_101' title='bbox 588 1598 733 1681; x_wconf 76' lang='lat' dir='ltr'><strong>paginale</strong></span> <span class='ocrx_word' id='word_1_102' title='bbox 767 1598 940 1680; x_wconf 68' lang='lat' dir='ltr'><strong>inpetrasse</strong></span> <span class='ocrx_word' id='word_1_103' title='bbox 961 1594 1152 1679; x_wconf 78' lang='lat' dir='ltr'><strong>obsequium,</strong></span> <span class='ocrx_word' id='word_1_104' title='bbox 1175 1598 1213 1661; x_wconf 91' lang='lat' dir='ltr'><strong>ut</strong></span> 
     </span>
     <span class='ocr_line' id='line_1_13' title="bbox 85 1700 1212 1783; baseline -0.003 -16"><span class='ocrx_word' id='word_1_105' title='bbox 85 1705 118 1768; x_wconf 92' lang='lat' dir='ltr'><strong>in</strong></span> <span class='ocrx_word' id='word_1_106' title='bbox 139 1720 173 1767; x_wconf 86' lang='lat' dir='ltr'><strong>so</strong></span> <span class='ocrx_word' id='word_1_107' title='bbox 195 1701 298 1767; x_wconf 87' lang='lat' dir='ltr'><strong>oeulos</strong></span> <span class='ocrx_word' id='word_1_108' title='bbox 320 1702 444 1766; x_wconf 84' lang='lat' dir='ltr'><strong>nestrae</strong></span> <span class='ocrx_word' id='word_1_109' title='bbox 468 1700 697 1783; x_wconf 72' lang='lat' dir='ltr'><strong>magnitudinis</strong></span> <span class='ocrx_word' id='word_1_110' title='bbox 720 1701 889 1779; x_wconf 86' lang='lat' dir='ltr'><strong>inuitaret‚</strong></span> <span class='ocrx_word' id='word_1_111' title='bbox 912 1721 951 1767; x_wconf 87' lang='lat' dir='ltr'><strong>ns</strong></span> <span class='ocrx_word' id='word_1_112' title='bbox 966 1718 1039 1767; x_wconf 89' lang='lat' dir='ltr'><strong>eum</strong></span> <span class='ocrx_word' id='word_1_113' title='bbox 1052 1700 1135 1765; x_wconf 89' lang='lat' dir='ltr'><strong>inter</strong></span> <span class='ocrx_word' id='word_1_114' title='bbox 1156 1716 1212 1765; x_wconf 89' lang='lat' dir='ltr'><strong>eo·</strong></span> 
     </span>
     <span class='ocr_line' id='line_1_14' title="bbox 85 1802 1212 1887; baseline 0 -18"><span class='ocrx_word' id='word_1_115' title='bbox 85 1823 194 1871; x_wconf 81' lang='lat' dir='ltr'><strong>rarum</strong></span> <span class='ocrx_word' id='word_1_116' title='bbox 215 1803 314 1869; x_wconf 89' lang='lat' dir='ltr'><strong>moles</strong></span> <span class='ocrx_word' id='word_1_117' title='bbox 337 1805 535 1887; x_wconf 81' lang='lat' dir='ltr'><strong>contingeret</strong></span> <span class='ocrx_word' id='word_1_118' title='bbox 563 1804 709 1887; x_wconf 85' lang='lat' dir='ltr'><strong>ignorari.</strong></span> <span class='ocrx_word' id='word_1_119' title='bbox 733 1808 808 1870; x_wconf 88' lang='lat' dir='ltr'><strong>sunt</strong></span> <span class='ocrx_word' id='word_1_120' title='bbox 828 1804 877 1871; x_wconf 78' lang='lat' dir='ltr'><strong>ou</strong></span> <span class='ocrx_word' id='word_1_121' title='bbox 898 1802 1049 1887; x_wconf 79' lang='lat' dir='ltr'><strong>suffragia</strong></span> <span class='ocrx_word' id='word_1_122' title='bbox 1067 1821 1135 1879; x_wconf 89' lang='lat' dir='ltr'><strong>soa,</strong></span> <span class='ocrx_word' id='word_1_123' title='bbox 1158 1820 1212 1884; x_wconf 86' lang='lat' dir='ltr'><strong>per</strong></span> 
     </span>
     <span class='ocr_line' id='line_1_15' title="bbox 85 1903 1212 1991; baseline -0.002 -18"><span class='ocrx_word' id='word_1_124' title='bbox 85 1927 164 1991; x_wconf 84' lang='lat' dir='ltr'><strong>quaa</strong></span> <span class='ocrx_word' id='word_1_125' title='bbox 187 1910 269 1973; x_wconf 85' lang='lat' dir='ltr'><strong>inter</strong></span> <span class='ocrx_word' id='word_1_126' title='bbox 291 1909 450 1990; x_wconf 87' lang='lat' dir='ltr'><strong>suseeptos</strong></span> <span class='ocrx_word' id='word_1_127' title='bbox 473 1912 593 1973; x_wconf 87' lang='lat' dir='ltr'><strong>nestros</strong></span> <span class='ocrx_word' id='word_1_128' title='bbox 616 1909 773 1975; x_wconf 82' lang='lat' dir='ltr'><strong>mereatur</strong></span> <span class='ocrx_word' id='word_1_129' title='bbox 794 1906 939 1973; x_wconf 85' lang='lat' dir='ltr'><strong>adsoribi.</strong></span> <span class='ocrx_word' id='word_1_130' title='bbox 960 1904 1103 1973; x_wconf 81' lang='lat' dir='ltr'><strong>exhibuit</strong></span> <span class='ocrx_word' id='word_1_131' title='bbox 1122 1903 1212 1973; x_wconf 87' lang='lat' dir='ltr'><strong>uobis</strong></span> 
     </span>
     <span class='ocr_line' id='line_1_16' title="bbox 52 2008 1211 2095; baseline -0.004 -15"><span class='ocrx_word' id='word_1_132' title='bbox 52 2012 273 2080; x_wconf 79' lang='lat' dir='ltr'><strong>emodestiam</strong></span> <span class='ocrx_word' id='word_1_133' title='bbox 295 2009 479 2093; x_wconf 79' lang='lat' dir='ltr'><strong>religionem</strong></span> <span class='ocrx_word' id='word_1_134' title='bbox 500 2011 724 2095; x_wconf 85' lang='lat' dir='ltr'><strong>innoeentiam,</strong></span> <span class='ocrx_word' id='word_1_135' title='bbox 753 2011 867 2094; x_wconf 78' lang='lat' dir='ltr'><strong>unibus</strong></span> <span class='ocrx_word' id='word_1_136' title='bbox 888 2008 1065 2094; x_wconf 75' lang='lat' dir='ltr'><strong>ponebatis</strong></span> <span class='ocrx_word' id='word_1_137' title='bbox 1084 2026 1211 2075; x_wconf 85' lang='lat' dir='ltr'><strong>serenes</strong></span> 
     </span>
     <span class='ocr_line' id='line_1_17' title="bbox 85 2112 1211 2195; baseline -0.002 -15"><span class='ocrx_word' id='word_1_138' title='bbox 85 2114 201 2181; x_wconf 88' lang='lat' dir='ltr'><strong>montis</strong></span> <span class='ocrx_word' id='word_1_139' title='bbox 223 2113 389 2179; x_wconf 87' lang='lat' dir='ltr'><strong>eomitibus</strong></span> <span class='ocrx_word' id='word_1_140' title='bbox 411 2115 564 2180; x_wconf 73' lang='lat' dir='ltr'><strong>introiret.</strong></span> <span class='ocrx_word' id='word_1_141' title='bbox 590 2116 769 2193; x_wconf 78' lang='lat' dir='ltr'><strong>exuberant</strong></span> <span class='ocrx_word' id='word_1_142' title='bbox 791 2113 872 2182; x_wconf 92' lang='lat' dir='ltr'><strong>mibi</strong></span> <span class='ocrx_word' id='word_1_143' title='bbox 886 2112 1013 2193; x_wconf 75' lang='lat' dir='ltr'><strong>naue,</strong></span> <span class='ocrx_word' id='word_1_144' title='bbox 1034 2114 1117 2195; x_wconf 88' lang='lat' dir='ltr'><strong>apud</strong></span> <span class='ocrx_word' id='word_1_145' title='bbox 1139 2130 1211 2179; x_wconf 88' lang='lat' dir='ltr'><strong>eam</strong></span> 
     </span>
     <span class='ocr_line' id='line_1_18' title="bbox 84 2216 1209 2303; baseline 0 -20"><span class='ocrx_word' id='word_1_146' title='bbox 84 2216 222 2303; x_wconf 80' lang='lat' dir='ltr'><strong>insignia</strong></span> <span class='ocrx_word' id='word_1_147' title='bbox 244 2236 321 2301; x_wconf 87' lang='lat' dir='ltr'><strong>quae</strong></span> <span class='ocrx_word' id='word_1_148' title='bbox 344 2217 471 2283; x_wconf 83' lang='lat' dir='ltr'><strong>inustis:</strong></span> <span class='ocrx_word' id='word_1_149' title='bbox 493 2234 555 2284; x_wconf 91' lang='lat' dir='ltr'><strong>non</strong></span> <span class='ocrx_word' id='word_1_150' title='bbox 577 2217 773 2285; x_wconf 82' lang='lat' dir='ltr'><strong>laudatorem</strong></span> <span class='ocrx_word' id='word_1_151' title='bbox 788 2236 839 2283; x_wconf 91' lang='lat' dir='ltr'><strong>me</strong></span> <span class='ocrx_word' id='word_1_152' title='bbox 863 2216 1010 2284; x_wconf 89' lang='lat' dir='ltr'><strong>eontinuo</strong></span> <span class='ocrx_word' id='word_1_153' title='bbox 1031 2219 1065 2283; x_wconf 90' lang='lat' dir='ltr'><strong>in</strong></span> <span class='ocrx_word' id='word_1_154' title='bbox 1087 2237 1123 2283; x_wconf 90' lang='lat' dir='ltr'><strong>oo</strong></span> <span class='ocrx_word' id='word_1_155' title='bbox 1136 2235 1209 2301; x_wconf 86' lang='lat' dir='ltr'><strong>pro·</strong></span> 
     </span>
     <span class='ocr_line' id='line_1_19' title="bbox 85 2319 1210 2405; baseline 0 -19"><span class='ocrx_word' id='word_1_156' title='bbox 85 2321 203 2387; x_wconf 88' lang='lat' dir='ltr'><strong>babitis</strong></span> <span class='ocrx_word' id='word_1_157' title='bbox 219 2321 314 2387; x_wconf 88' lang='lat' dir='ltr'><strong>inisse</strong></span> <span class='ocrx_word' id='word_1_158' title='bbox 329 2324 382 2387; x_wconf 90' lang='lat' dir='ltr'><strong>ssd</strong></span> <span class='ocrx_word' id='word_1_159' title='bbox 397 2323 521 2387; x_wconf 84' lang='lat' dir='ltr'><strong>testem.</strong></span> <span class='ocrx_word' id='word_1_160' title='bbox 537 2339 603 2399; x_wconf 85' lang='lat' dir='ltr'><strong>uos,</strong></span> <span class='ocrx_word' id='word_1_161' title='bbox 619 2323 665 2387; x_wconf 92' lang='lat' dir='ltr'><strong>mi</strong></span> <span class='ocrx_word' id='word_1_162' title='bbox 680 2321 815 2398; x_wconf 89' lang='lat' dir='ltr'><strong>domine,</strong></span> <span class='ocrx_word' id='word_1_163' title='bbox 831 2321 980 2405; x_wconf 89' lang='lat' dir='ltr'><strong>perlatori</strong></span> <span class='ocrx_word' id='word_1_164' title='bbox 995 2319 1210 2404; x_wconf 71' lang='lat' dir='ltr'><strong>dignationem</strong></span> 
     </span>
     <span class='ocr_line' id='line_1_20' title="bbox 82 2422 1209 2508; baseline -0.002 -18"><span class='ocrx_word' id='word_1_165' title='bbox 82 2424 222 2507; x_wconf 88' lang='lat' dir='ltr'><strong>prinoipo</strong></span> <span class='ocrx_word' id='word_1_166' title='bbox 244 2425 312 2491; x_wconf 88' lang='lat' dir='ltr'><strong>loeo</strong></span> <span class='ocrx_word' id='word_1_167' title='bbox 335 2422 475 2503; x_wconf 89' lang='lat' dir='ltr'><strong>tribuite,</strong></span> <span class='ocrx_word' id='word_1_168' title='bbox 499 2442 537 2491; x_wconf 92' lang='lat' dir='ltr'><strong>ne</strong></span> <span class='ocrx_word' id='word_1_169' title='bbox 559 2424 609 2491; x_wconf 89' lang='lat' dir='ltr'><strong>uir</strong></span> <span class='ocrx_word' id='word_1_170' title='bbox 630 2426 728 2493; x_wconf 89' lang='lat' dir='ltr'><strong>bonos</strong></span> <span class='ocrx_word' id='word_1_171' title='bbox 745 2426 886 2493; x_wconf 85' lang='lat' dir='ltr'><strong>nouitate</strong></span> <span class='ocrx_word' id='word_1_172' title='bbox 907 2427 1066 2495; x_wconf 82' lang='lat' dir='ltr'><strong>turbetur:</strong></span> <span class='ocrx_word' id='word_1_173' title='bbox 1090 2423 1209 2508; x_wconf 86' lang='lat' dir='ltr'><strong>liquido</strong></span> 
     </span>
     <span class='ocr_line' id='line_1_21' title="bbox 49 2526 1208 2613; baseline 0 -21"><span class='ocrx_word' id='word_1_174' title='bbox 49 2528 185 2593; x_wconf 70' lang='lat' dir='ltr'><strong>sederit</strong></span> <span class='ocrx_word' id='word_1_175' title='bbox 205 2529 347 2609; x_wconf 85' lang='lat' dir='ltr'><strong>partibus</strong></span> <span class='ocrx_word' id='word_1_176' title='bbox 371 2530 438 2593; x_wconf 90' lang='lat' dir='ltr'><strong>suis</strong></span> <span class='ocrx_word' id='word_1_177' title='bbox 457 2529 491 2595; x_wconf 90' lang='lat' dir='ltr'><strong>et</strong></span> <span class='ocrx_word' id='word_1_178' title='bbox 505 2529 590 2595; x_wconf 86' lang='lat' dir='ltr'><strong>uitae</strong></span> <span class='ocrx_word' id='word_1_179' title='bbox 612 2531 720 2612; x_wconf 91' lang='lat' dir='ltr'><strong>opibus</strong></span> <span class='ocrx_word' id='word_1_180' title='bbox 736 2528 883 2613; x_wconf 80' lang='lat' dir='ltr'><strong>pensabit</strong></span> <span class='ocrx_word' id='word_1_181' title='bbox 902 2528 1017 2598; x_wconf 88' lang='lat' dir='ltr'><strong>damna</strong></span> <span class='ocrx_word' id='word_1_182' title='bbox 1031 2526 1208 2595; x_wconf 85' lang='lat' dir='ltr'><strong>uerborum.</strong></span> 
     </span>
    </p>
   </div>
   <div class='ocr_carea' id='block_1_3' title="bbox 377 2696 913 2885">
    <p class='ocr_par' dir='ltr' id='par_1_3' title="bbox 377 2696 913 2885">
     <span class='ocr_line' id='line_1_22' title="bbox 624 2696 665 2765; baseline 0 0"><span class='ocrx_word' id='word_1_183' title='bbox 624 2696 665 2765; x_wconf 84' lang='lat' dir='ltr'><strong>X.</strong></span> 
     </span>
     <span class='ocr_line' id='line_1_23' title="bbox 377 2826 913 2885; baseline 0.006 -4"><span class='ocrx_word' id='word_1_184' title='bbox 377 2826 610 2883; x_wconf 80' lang='lat' dir='ltr'><strong>nsnsnrvroo</strong></span> <span class='ocrx_word' id='word_1_185' title='bbox 630 2828 661 2883; x_wconf 89' lang='lat' dir='ltr'><strong>v.</strong></span> <span class='ocrx_word' id='word_1_186' title='bbox 681 2826 704 2883; x_wconf 92' lang='lat'><strong>1.</strong></span> <span class='ocrx_word' id='word_1_187' title='bbox 722 2826 913 2885; x_wconf 78' lang='lat' dir='ltr'><strong>aneoorva</strong></span> 
     </span>
    </p>
   </div>
   <div class='ocr_carea' id='block_1_4' title="bbox 46 2938 1209 3336">
    <p class='ocr_par' dir='ltr' id='par_1_4' title="bbox 46 2938 1209 3336">
     <span class='ocr_line' id='line_1_24' title="bbox 121 2938 1209 3025; baseline 0.005 -22"><span class='ocrx_word' id='word_1_188' title='bbox 121 2938 195 3004; x_wconf 82' lang='lat' dir='ltr'><strong>Non</strong></span> <span class='ocrx_word' id='word_1_189' title='bbox 207 2939 366 3006; x_wconf 83' lang='lat' dir='ltr'><strong>temeritas</strong></span> <span class='ocrx_word' id='word_1_190' title='bbox 377 2958 429 3005; x_wconf 87' lang='lat' dir='ltr'><strong>me</strong></span> <span class='ocrx_word' id='word_1_191' title='bbox 439 2942 478 3007; x_wconf 91' lang='lat' dir='ltr'><strong>ad</strong></span> <span class='ocrx_word' id='word_1_192' title='bbox 489 2941 633 3025; x_wconf 82' lang='lat' dir='ltr'><strong>paginale</strong></span> <span class='ocrx_word' id='word_1_193' title='bbox 644 2942 734 3009; x_wconf 85' lang='lat' dir='ltr'><strong>duxit</strong></span> <span class='ocrx_word' id='word_1_194' title='bbox 741 2942 891 3017; x_wconf 77' lang='lat' dir='ltr'><strong>officium,</strong></span> <span class='ocrx_word' id='word_1_195' title='bbox 902 2940 1025 3024; x_wconf 90' lang='lat' dir='ltr'><strong>quando</strong></span> <span class='ocrx_word' id='word_1_196' title='bbox 1036 2940 1077 3011; x_wconf 88' lang='lat' dir='ltr'><strong>od</strong></span> <span class='ocrx_word' id='word_1_197' title='bbox 1084 2959 1209 3009; x_wconf 88' lang='lat' dir='ltr'><strong>omnem</strong></span> 
     </span>
     <span class='ocr_line' id='line_1_25' title="bbox 78 3043 1207 3131; baseline 0.002 -25"><span class='ocrx_word' id='word_1_198' title='bbox 78 3043 330 3108; x_wconf 83' lang='lat' dir='ltr'><strong>eommunionsm</strong></span> <span class='ocrx_word' id='word_1_199' title='bbox 352 3043 514 3111; x_wconf 88' lang='lat' dir='ltr'><strong>subditum</strong></span> <span class='ocrx_word' id='word_1_200' title='bbox 535 3065 626 3111; x_wconf 89' lang='lat' dir='ltr'><strong>suum</strong></span> <span class='ocrx_word' id='word_1_201' title='bbox 658 3048 764 3131; x_wconf 78' lang='lat' dir='ltr'><strong>regiae</strong></span> <span class='ocrx_word' id='word_1_202' title='bbox 787 3047 896 3129; x_wconf 85' lang='lat' dir='ltr'><strong>stirpis</strong></span> <span class='ocrx_word' id='word_1_203' title='bbox 929 3064 1060 3128; x_wconf 77' lang='lat' dir='ltr'><strong>germen</strong></span> <span class='ocrx_word' id='word_1_204' title='bbox 1080 3044 1207 3113; x_wconf 82' lang='lat' dir='ltr'><strong>inuitat.</strong></span> 
     </span>
     <span class='ocr_line' id='line_1_26' title="bbox 46 3145 1209 3226; baseline 0.007 -19"><span class='ocrx_word' id='word_1_205' title='bbox 46 3147 127 3211; x_wconf 77' lang='lat' dir='ltr'><strong>eost</strong></span> <span class='ocrx_word' id='word_1_206' title='bbox 143 3145 227 3209; x_wconf 91' lang='lat' dir='ltr'><strong>enim</strong></span> <span class='ocrx_word' id='word_1_207' title='bbox 242 3146 318 3211; x_wconf 86' lang='lat' dir='ltr'><strong>haee</strong></span> <span class='ocrx_word' id='word_1_208' title='bbox 334 3146 460 3214; x_wconf 78' lang='lat' dir='ltr'><strong>claritas</strong></span> <span class='ocrx_word' id='word_1_209' title='bbox 476 3148 673 3215; x_wconf 86' lang='lat' dir='ltr'><strong>dominorum</strong></span> <span class='ocrx_word' id='word_1_210' title='bbox 696 3150 814 3215; x_wconf 83' lang='lat' dir='ltr'><strong>inserta</strong></span> <span class='ocrx_word' id='word_1_211' title='bbox 828 3148 996 3226; x_wconf 82' lang='lat' dir='ltr'><strong>natalibus,</strong></span> <span class='ocrx_word' id='word_1_212' title='bbox 1019 3150 1056 3215; x_wconf 91' lang='lat' dir='ltr'><strong>ut</strong></span> <span class='ocrx_word' id='word_1_213' title='bbox 1071 3149 1209 3215; x_wconf 78' lang='lat' dir='ltr'><strong>cadmina</strong></span> 
     </span>
     <span class='ocr_line' id='line_1_27' title="bbox 79 3246 1209 3336; baseline 0.005 -24"><span class='ocrx_word' id='word_1_214' title='bbox 79 3267 136 3314; x_wconf 90' lang='lat' dir='ltr'><strong>sua</strong></span> <span class='ocrx_word' id='word_1_215' title='bbox 159 3246 338 3331; x_wconf 82' lang='lat' dir='ltr'><strong>dignatione</strong></span> <span class='ocrx_word' id='word_1_216' title='bbox 354 3250 535 3318; x_wconf 89' lang='lat' dir='ltr'><strong>subliment.</strong></span> <span class='ocrx_word' id='word_1_217' title='bbox 559 3252 657 3318; x_wconf 87' lang='lat' dir='ltr'><strong>unitis</strong></span> <span class='ocrx_word' id='word_1_218' title='bbox 681 3254 771 3335; x_wconf 82' lang='lat' dir='ltr'><strong>quasi</strong></span> <span class='ocrx_word' id='word_1_219' title='bbox 786 3254 930 3336; x_wconf 88' lang='lat' dir='ltr'><strong>aequales</strong></span> <span class='ocrx_word' id='word_1_220' title='bbox 947 3256 1084 3319; x_wconf 79' lang='lat' dir='ltr'><strong>tractore</strong></span> <span class='ocrx_word' id='word_1_221' title='bbox 1106 3252 1209 3318; x_wconf 76' lang='lat' dir='ltr'><strong>bmn-</strong></span> 
     </span>
    </p>
   </div>
   <div class='ocr_carea' id='block_1_5' title="bbox 77 3408 1208 3697">
    <p class='ocr_par' dir='ltr' id='par_1_5' title="bbox 77 3408 1208 3697">
     <span class='ocr_line' id='line_1_28' title="bbox 132 3408 1207 3508; baseline 0.01 -21"><span class='ocrx_word' id='word_1_222' title='bbox 132 3408 303 3490; x_wconf 66' lang='lat' dir='ltr'><strong>isossios</strong></span> <span class='ocrx_word' id='word_1_223' title='bbox 395 3438 846 3508; x_wconf 55' lang='lat' dir='ltr'><strong>momentanearum</strong></span> <span class='ocrx_word' id='word_1_224' title='bbox 860 3458 908 3497; x_wconf 76' lang='lat' dir='ltr'><strong>em.</strong></span> <span class='ocrx_word' id='word_1_225' title='bbox 921 3443 1005 3499; x_wconf 70' lang='lat' dir='ltr'><strong>em.</strong></span> <span class='ocrx_word' id='word_1_226' title='bbox 1096 3443 1207 3498; x_wconf 74' lang='lat' dir='ltr'><strong>omas-</strong></span> 
     </span>
     <span class='ocr_line' id='line_1_29' title="bbox 78 3518 1208 3585; baseline 0.012 -13"><span class='ocrx_word' id='word_1_227' title='bbox 78 3535 123 3573; x_wconf 88' lang='lat' dir='ltr'><strong>caa</strong></span> <span class='ocrx_word' id='word_1_228' title='bbox 147 3518 176 3573; x_wconf 89' lang='lat' dir='ltr'><strong><em>L</em></strong></span> <span class='ocrx_word' id='word_1_229' title='bbox 277 3522 380 3576; x_wconf 80' lang='lat' dir='ltr'><strong>exibuit</strong></span> <span class='ocrx_word' id='word_1_230' title='bbox 407 3520 460 3579; x_wconf 82' lang='lat' dir='ltr'><strong>TV</strong></span> <span class='ocrx_word' id='word_1_231' title='bbox 559 3524 710 3581; x_wconf 72' lang='lat' dir='ltr'><strong>booebleis</strong></span> <span class='ocrx_word' id='word_1_232' title='bbox 735 3526 779 3582; x_wconf 84' lang='lat' dir='ltr'><strong>Tb</strong></span> <span class='ocrx_word' id='word_1_233' title='bbox 882 3530 969 3584; x_wconf 86' lang='lat' dir='ltr'><strong>solum</strong></span> <span class='ocrx_word' id='word_1_234' title='bbox 996 3529 1030 3585; x_wconf 78' lang='lat' dir='ltr'><strong>T¹</strong></span> <span class='ocrx_word' id='word_1_235' title='bbox 1131 3532 1208 3585; x_wconf 87' lang='lat' dir='ltr'><strong>5me</strong></span> 
     </span>
     <span class='ocr_line' id='line_1_30' title="bbox 77 3603 1207 3697; baseline 0.014 -41"><span class='ocrx_word' id='word_1_236' title='bbox 77 3603 233 3659; x_wconf 88' lang='lat' dir='ltr'><strong>urbanitate</strong></span> <span class='ocrx_word' id='word_1_237' title='bbox 250 3606 319 3661; x_wconf 84' lang='lat' dir='ltr'><strong>uires</strong></span> <span class='ocrx_word' id='word_1_238' title='bbox 343 3607 465 3665; x_wconf 76' lang='lat' dir='ltr'><strong>LPTto</strong></span> <span class='ocrx_word' id='word_1_239' title='bbox 568 3613 585 3666; x_wconf 84' lang='lat'>6</span> <span class='ocrx_word' id='word_1_240' title='bbox 607 3614 701 3697; x_wconf 75' lang='lat' dir='ltr'><strong>notata</strong></span> <span class='ocrx_word' id='word_1_241' title='bbox 724 3613 753 3667; x_wconf 89' lang='lat' dir='ltr'><em>B</em></span> <span class='ocrx_word' id='word_1_242' title='bbox 856 3615 979 3670; x_wconf 79' lang='lat' dir='ltr'><strong>elatioris</strong></span> <span class='ocrx_word' id='word_1_243' title='bbox 997 3616 1075 3683; x_wconf 90' lang='lat' dir='ltr'><strong>(olari</strong></span> <span class='ocrx_word' id='word_1_244' title='bbox 1091 3618 1123 3671; x_wconf 78' lang='lat' dir='ltr'><strong>in</strong></span> <span class='ocrx_word' id='word_1_245' title='bbox 1140 3618 1207 3685; x_wconf 80' lang='lat' dir='ltr'><strong>rao.)</strong></span> 
     </span>
    </p>
   </div>
   <div class='ocr_carea' id='block_1_6' title="bbox 76 3708 1207 3872">
    <p class='ocr_par' dir='ltr' id='par_1_6' title="bbox 76 3708 1207 3872">
     <span class='ocr_line' id='line_1_31' title="bbox 76 3708 1207 3789; baseline 0.013 -28"><span class='ocrx_word' id='word_1_246' title='bbox 76 3708 105 3761; x_wconf 89' lang='lat' dir='ltr'><em>B</em></span> <span class='ocrx_word' id='word_1_247' title='bbox 193 3708 262 3763; x_wconf 87' lang='lat' dir='ltr'><strong>snoei</strong></span> <span class='ocrx_word' id='word_1_248' title='bbox 281 3708 310 3774; x_wconf 87' lang='grc' dir='ltr'><strong>Τ,</strong></span> <span class='ocrx_word' id='word_1_249' title='bbox 335 3708 391 3765; x_wconf 80' lang='lat' dir='ltr'><strong>tbei</strong></span> <span class='ocrx_word' id='word_1_250' title='bbox 409 3710 452 3767; x_wconf 89' lang='lat' dir='ltr'><strong>Pb</strong></span> <span class='ocrx_word' id='word_1_251' title='bbox 546 3714 651 3785; x_wconf 79' lang='lat' dir='ltr'><strong>enine]</strong></span> <span class='ocrx_word' id='word_1_252' title='bbox 670 3716 733 3770; x_wconf 88' lang='lat' dir='ltr'><strong>huie</strong></span> <span class='ocrx_word' id='word_1_253' title='bbox 754 3718 826 3773; x_wconf 83' lang='lat' dir='ltr'><strong>Tot</strong></span> <span class='ocrx_word' id='word_1_254' title='bbox 843 3718 957 3774; x_wconf 69' lang='lat' dir='ltr'><strong>sedator</strong></span> <span class='ocrx_word' id='word_1_255' title='bbox 1051 3719 1207 3789; x_wconf 82' lang='lat' dir='ltr'><strong>spreuium</strong></span> 
     </span>
     <span class='ocr_line' id='line_1_32' title="bbox 77 3792 1206 3872; baseline 0.016 -27"><span class='ocrx_word' id='word_1_256' title='bbox 77 3792 105 3846; x_wconf 89' lang='lat' dir='ltr'><em>B</em></span> <span class='ocrx_word' id='word_1_257' title='bbox 194 3792 228 3847; x_wconf 88' lang='lat'><strong>10</strong></span> <span class='ocrx_word' id='word_1_258' title='bbox 243 3796 343 3851; x_wconf 88' lang='lat' dir='ltr'><strong>notitia</strong></span> <span class='ocrx_word' id='word_1_259' title='bbox 362 3796 389 3851; x_wconf 86' lang='grc' dir='ltr'>Β</span> <span class='ocrx_word' id='word_1_260' title='bbox 477 3805 502 3854; x_wconf 89' lang='lat' dir='ltr'><strong>u.</strong></span> <span class='ocrx_word' id='word_1_261' title='bbox 522 3799 592 3869; x_wconf 61' lang='lat' dir='ltr'><strong>LV,</strong></span> <span class='ocrx_word' id='word_1_262' title='bbox 620 3802 652 3856; x_wconf 81' lang='lat' dir='ltr'><strong>iio</strong></span> <span class='ocrx_word' id='word_1_263' title='bbox 669 3802 732 3868; x_wconf 89' lang='lat' dir='ltr'><strong>BL,</strong></span> <span class='ocrx_word' id='word_1_264' title='bbox 756 3818 820 3858; x_wconf 86' lang='lat' dir='ltr'><strong>uero</strong></span> <span class='ocrx_word' id='word_1_265' title='bbox 841 3806 871 3872; x_wconf 82' lang='grc' dir='ltr'><strong>Τ,</strong></span> <span class='ocrx_word' id='word_1_266' title='bbox 893 3822 965 3863; x_wconf 87' lang='lat' dir='ltr'><strong>nuno</strong></span> <span class='ocrx_word' id='word_1_267' title='bbox 982 3806 1025 3861; x_wconf 87' lang='lat' dir='ltr'><strong>Pb</strong></span> <span class='ocrx_word' id='word_1_268' title='bbox 1117 3804 1206 3863; x_wconf 85' lang='lat'>1110-</span> 
     </span>
    </p>
   </div>
   <div class='ocr_carea' id='block_1_7' title="bbox 76 3892 1207 4000">
    <p class='ocr_par' dir='ltr' id='par_1_7' title="bbox 76 3892 1207 4000">
     <span class='ocr_line' id='line_1_33' title="bbox 76 3892 1207 4000; baseline 0.017 -32"><span class='ocrx_word' id='word_1_269' title='bbox 76 3930 144 3983; x_wconf 88' lang='lat' dir='ltr'><strong>quor</strong></span> <span class='ocrx_word' id='word_1_270' title='bbox 161 3914 189 3969; x_wconf 91' lang='lat' dir='ltr'><strong><em>L</em></strong></span> <span class='ocrx_word' id='word_1_271' title='bbox 205 3930 227 3970; x_wconf 83' lang='lat' dir='ltr'><strong>a.</strong></span> <span class='ocrx_word' id='word_1_272' title='bbox 240 3916 256 3971; x_wconf 79' lang='lat' dir='ltr'><strong>t</strong></span> <span class='ocrx_word' id='word_1_273' title='bbox 269 3934 303 3973; x_wconf 90' lang='lat' dir='ltr'><strong>m.</strong></span> <span class='ocrx_word' id='word_1_274' title='bbox 316 3925 374 3975; x_wconf 78' lang='lat' dir='ltr'><strong>oet.</strong></span> <span class='ocrx_word' id='word_1_275' title='bbox 478 3921 572 3977; x_wconf 85' lang='lat' dir='ltr'><strong>iooiroo</strong></span> <span class='ocrx_word' id='word_1_276' title='bbox 593 3926 618 3977; x_wconf 84' lang='grc' dir='ltr'><em>Τ</em></span> <span class='ocrx_word' id='word_1_277' title='bbox 718 3892 862 3995; x_wconf 60' lang='lat' dir='ltr'><strong>inspersae</strong></span> <span class='ocrx_word' id='word_1_278' title='bbox 878 3927 906 3983; x_wconf 90' lang='lat' dir='ltr'><strong><em>L</em></strong></span> <span class='ocrx_word' id='word_1_279' title='bbox 1010 3930 1043 3985; x_wconf 87' lang='lat'><strong>13</strong></span> <span class='ocrx_word' id='word_1_280' title='bbox 1068 3930 1207 4000; x_wconf 74' lang='lat' dir='ltr'><strong>ignoraret</strong></span> 
     </span>
    </p>
   </div>
   <div class='ocr_carea' id='block_1_8' title="bbox 77 3998 1206 4179">
    <p class='ocr_par' dir='ltr' id='par_1_8' title="bbox 77 3998 1206 4179">
     <span class='ocr_line' id='line_1_34' title="bbox 79 3998 1206 4104; baseline 0.017 -31"><span class='ocrx_word' id='word_1_281' title='bbox 79 4018 115 4073; x_wconf 79' lang='lat' dir='ltr'><strong>r¹</strong></span> <span class='ocrx_word' id='word_1_282' title='bbox 211 4018 441 4089; x_wconf 67' lang='lat' dir='ltr'><strong>reportares</strong></span> <span class='ocrx_word' id='word_1_283' title='bbox 537 4026 571 4081; x_wconf 83' lang='lat'><strong>16</strong></span> <span class='ocrx_word' id='word_1_284' title='bbox 582 3998 673 4083; x_wconf 70' lang='lat' dir='ltr'><strong>aeusi</strong></span> <span class='ocrx_word' id='word_1_285' title='bbox 680 4030 709 4085; x_wconf 81' lang='lat' dir='ltr'><strong>s</strong></span> <span class='ocrx_word' id='word_1_286' title='bbox 803 4031 1001 4088; x_wconf 67' lang='lat' dir='ltr'><strong>infaustas*</strong></span> <span class='ocrx_word' id='word_1_287' title='bbox 1095 4034 1206 4104; x_wconf 71' lang='lat' dir='ltr'><strong>sopa-</strong></span> 
     </span>
     <span class='ocr_line' id='line_1_35' title="bbox 77 4104 658 4179; baseline 0.024 -23"><span class='ocrx_word' id='word_1_288' title='bbox 77 4104 151 4157; x_wconf 85' lang='lat' dir='ltr'><strong>sauit</strong></span> <span class='ocrx_word' id='word_1_289' title='bbox 167 4105 195 4159; x_wconf 90' lang='grc' dir='ltr'><strong><em>Β</em></strong></span> <span class='ocrx_word' id='word_1_290' title='bbox 297 4108 449 4179; x_wconf 84' lang='lat' dir='ltr'><strong>uerborum]</strong></span> <span class='ocrx_word' id='word_1_291' title='bbox 468 4109 530 4167; x_wconf 80' lang='lat' dir='ltr'><strong>ruit</strong></span> <span class='ocrx_word' id='word_1_292' title='bbox 547 4112 611 4171; x_wconf 81' lang='lat' dir='ltr'><strong>add.</strong></span> <span class='ocrx_word' id='word_1_293' title='bbox 630 4114 658 4169; x_wconf 87' lang='lat' dir='ltr'><em>B</em></span> 
     </span>
    </p>
   </div>
   <div class='ocr_carea' id='block_1_9' title="bbox 79 4202 1143 4367">
    <p class='ocr_par' dir='ltr' id='par_1_9' title="bbox 79 4202 1143 4367">
     <span class='ocr_line' id='line_1_36' title="bbox 130 4202 1143 4278; baseline 0.014 -14"><span class='ocrx_word' id='word_1_294' title='bbox 130 4208 163 4265; x_wconf 81' lang='lat' dir='ltr'><strong>X.</strong></span> <span class='ocrx_word' id='word_1_295' title='bbox 199 4208 470 4269; x_wconf 76' lang='lat' dir='ltr'><strong>22V.I.ora.T</strong></span> <span class='ocrx_word' id='word_1_296' title='bbox 568 4202 737 4275; x_wconf 74' lang='lat' dir='ltr'><strong>eeoimr</strong></span> <span class='ocrx_word' id='word_1_297' title='bbox 837 4219 1083 4278; x_wconf 71' lang='lat' dir='ltr'><strong>dteomuuiousm</strong></span> <span class='ocrx_word' id='word_1_298' title='bbox 1116 4222 1143 4277; x_wconf 84' lang='lat' dir='ltr'><strong><em>V</em></strong></span> 
     </span>
     <span class='ocr_line' id='line_1_37' title="bbox 79 4291 613 4367; baseline 0.024 -23"><span class='ocrx_word' id='word_1_299' title='bbox 79 4291 113 4345; x_wconf 84' lang='grc'><strong>26</strong></span> <span class='ocrx_word' id='word_1_300' title='bbox 131 4292 290 4364; x_wconf 78' lang='lat' dir='ltr'><strong>dignatione</strong></span> <span class='ocrx_word' id='word_1_301' title='bbox 306 4296 391 4364; x_wconf 82' lang='lat' dir='ltr'><strong>(tione</strong></span> <span class='ocrx_word' id='word_1_302' title='bbox 409 4314 430 4353; x_wconf 88' lang='lat' dir='ltr'><strong>a.</strong></span> <span class='ocrx_word' id='word_1_303' title='bbox 449 4299 467 4353; x_wconf 76' lang='lat' dir='ltr'><strong>t.</strong></span> <span class='ocrx_word' id='word_1_304' title='bbox 484 4316 518 4357; x_wconf 86' lang='lat' dir='ltr'><strong>m.</strong></span> <span class='ocrx_word' id='word_1_305' title='bbox 536 4304 566 4367; x_wconf 64' lang='grc' dir='ltr'><strong>Β)</strong></span> <span class='ocrx_word' id='word_1_306' title='bbox 586 4302 613 4357; x_wconf 71' lang='grc' dir='ltr'><strong><em>Τ</em></strong></span> 
     </span>
    </p>
   </div>
   <div class='ocr_carea' id='block_1_10' title="bbox 0 0 1500 4967">
    <p class='ocr_par' dir='ltr' id='par_1_10' title="bbox 0 0 1500 4967">
     <span class='ocr_line' id='line_1_38' title="bbox 0 0 1500 4967; baseline 0 3"><span class='ocrx_word' id='word_1_307' title='bbox 0 0 1500 4967; x_wconf 95' lang='lat' dir='ltr'><strong> </strong></span> 
     </span>
    </p>
   </div>
  </div>
 </body>
</html>
