2992 4967
478 322 711 393 Epistularum
730 321 818 375 libor
835 321 858 376 Ι.
1185 323 1225 389 31

106 521 180 586 sunt
204 517 341 599 obuersa,
367 515 474 580 duetm
495 515 620 598 optimo,
650 513 860 580 amicitiarum
887 513 1031 599 religioni
1058 529 1136 596 quoe
1157 531 1227 596 pro-

106 623 171 688 fore
194 621 318 686 moetus
340 617 373 682 in
399 619 545 685 menium.
585 619 679 684 immo
707 619 833 701 propter
854 615 1078 683 oonfsssiensm
1100 616 1227 698 dignum

105 723 264 808 proposito
278 719 463 787 umtudmis
476 721 549 786 tuse
564 717 659 787 dubis
672 739 844 803 numquam
854 721 942 787 uelut
952 722 1094 802 ingrutus
1105 720 1225 803 optuui:

105 826 183 910 quin
206 825 314 900 otium,
333 825 485 907 quonium
506 823 539 888 in
561 841 611 887 mo
632 821 704 907 fuit,
727 830 835 890 nonme
854 823 1035 908 ingruentes
1057 821 1119 888 tibi
1141 822 1226 889 inos-

84 929 275 1013 sqnulitutes
295 944 421 1009 prosum
442 943 553 990 munus
570 927 707 1008 opposui.
730 927 783 992 sod
805 943 875 992 eoos
892 947 988 1010 quum
1002 927 1103 994 ninom
1117 945 1229 992 sensns

106 1033 164 1110 est,
180 1049 243 1096 non
254 1031 290 1096 ‘in
304 1045 448 1112 prospers
460 1025 671 1094 membrorum
687 1027 787 1092 soluto
807 1026 938 1096 fundste
952 1029 1091 1096 ostendit
1101 1031 1229 1112 pagine,

106 1137 140 1201 in
164 1154 225 1218 qus
245 1137 375 1215 utruque
397 1132 466 1198 lune
487 1129 613 1198 fulsisti.
639 1132 702 1208 tue,
726 1148 849 1212 quasso,
868 1132 989 1199 luminu
1010 1133 1092 1198 nube
1114 1131 1228 1198 doloris

106 1238 311 1322 hebetantur,
340 1235 429 1300 euius
450 1235 517 1300 tem
539 1233 621 1300 oleru
642 1235 716 1300 sunt
738 1233 891 1313 earmina,
920 1238 952 1300 et
973 1235 1028 1316 qui
1049 1234 1153 1300 luoem
1181 1235 1228 1300 lo-

106 1341 224 1425 queris,
247 1341 286 1404 de
306 1337 426 1404 uisiono
449 1337 609 1404 musone?
630 1354 722 1418 quom
744 1338 849 1420 timeo,
871 1355 911 1405 ne
931 1355 1046 1419 porcus
1060 1337 1093 1404 in
1107 1335 1228 1403 meritis

72 1467 98 1506 ιο
106 1445 171 1511 tuis
192 1443 334 1509 lnudntor
349 1439 500 1506 inueniur.
523 1438 582 1506 tibi
598 1443 683 1506 reete
699 1438 885 1506 adscribitur
900 1439 1022 1504 ounobs
1037 1440 1111 1505 dure
1123 1438 1229 1504 oeulos

107 1552 140 1614 ot
162 1549 292 1614 sommo
319 1542 474 1610 mentium
500 1541 662 1626 peregrino
689 1541 853 1626 splendore
876 1543 1004 1609 moure.
1040 1559 1114 1625 ergo
1137 1545 1228 1624 putus

106 1649 167 1716 tibi
189 1647 330 1714 nulidnm
352 1663 413 1712 non
436 1664 502 1710 esse
523 1645 604 1727 quod
619 1643 756 1711 tribuis?
769 1646 862 1729 pelle,
877 1663 1002 1727 quaeso,
1018 1645 1120 1712 enimn
1137 1663 1228 1712 numo

106 1751 265 1837 superius
286 1749 415 1816 forsitan
443 1747 652 1814 sollieitudine
682 1748 737 1814 aut
766 1749 908 1815 mouens
930 1750 1104 1832 conseptos.
1142 1748 1228 1814 dubit

106 1857 198 1934 dous,
227 1855 264 1920 ut
286 1852 434 1937 quioquid
463 1853 628 1933 oorporolie
653 1852 785 1918 messuit
807 1851 996 1920 ineommooli
1017 1853 1085 1918 uioe
1107 1851 1228 1919 unimus

73 1960 181 2029 utone
202 1979 259 2042 por
280 1957 393 2022 sudum
414 1953 573 2020 rutilantis
596 1953 697 2020 nitero
721 1953 896 2020 mundetur.

634 2143 703 2208 XX.

495 2277 631 2334 FAVSTO
653 2277 844 2336 Ennomus.

149 2403 231 2468 Vere
259 2403 376 2487 gratiss
407 2400 556 2480 trinitati,
590 2419 682 2483 quum
715 2418 900 2467 uenerumur
932 2403 964 2465 et
996 2400 1135 2486 uelimus,
1173 2403 1229 2467 deo

106 2510 221 2584 nostro,
237 2523 314 2590 quos
328 2505 386 2570 sub
407 2521 608 2588 personarum
630 2501 830 2569 distinetione
845 2509 877 2569 st
891 2503 1077 2586 noquslituts
1092 2504 1229 2570 mirabili

73 2625 204 2673 nouom
235 2625 289 2672 nos
322 2607 373 2689 pie
407 2607 497 2673 iussit
529 2607 641 2671 sentire
674 2609 706 2670 et
739 2606 867 2671 odorare
894 2606 1118 2691 submonitum,
1151 2624 1228 2689 quas

104 2712 269 2796 planctum
298 2715 440 2776 nostrum
467 2709 564 2775 uertit
592 2707 804 2790 ingaudium,
837 2725 914 2790 ques
937 2708 1076 2774 dolorum
1099 2710 1227 2775 nemitos

108 2815 146 2880 sd
175 2812 357 2897 obsequium
391 2813 531 2878 laetitias
560 2811 704 2878 lnorimns
739 2811 949 2888 nonmutouit‚
982 2812 1020 2876 ut
1052 2831 1125 2876 uere
1159 2831 1229 2878 oum

105 2916 259 3002 prophete
280 2919 397 2982 dicum:
429 2915 517 3000 quis
539 2915 649 2980 dabit
665 2915 786 2997 ospiti
802 2932 883 2979 meu
899 2931 1035 2996 equum
1050 2917 1087 2978 et
1101 2915 1229 2981 ooulis

107 3021 204 3085 meis
227 3019 374 3084 fontem
396 3017 591 3084 fletuum?
613 3017 880 3084 utbsnefioiorum
904 3017 1084 3082 coelestium
1106 3019 1229 3101 mugni-

74 3147 98 3188 ss
106 3123 211 3189 tudini
233 3123 290 3187 sub
312 3122 370 3188 hau
385 3122 547 3188 deuotione
562 3123 774 3205 respondeum,
792 3122 842 3186 nui
857 3119 991 3204 contigit
1005 3121 1077 3186 ants
1091 3120 1230 3203 sonipers

209 3308 246 3364 23
268 3308 383 3362 Hiorem.
402 3309 462 3370 9,1

160 3478 178 3531 2
204 3477 287 3547 digno
313 3477 394 3546 (ligno
419 3476 447 3530 Β
548 3477 566 3531 3
591 3477 686 3546 optuui
713 3479 738 3532 T
762 3479 808 3532 oui
829 3480 861 3533 ier
876 3494 932 3534 run.
1035 3479 1052 3532 6
1078 3477 1140 3546 non]
1168 3493 1230 3532 nom

107 3563 155 3617 Pb
249 3577 374 3633 prospero
392 3563 418 3617 Β
510 3562 673 3617 meebrerum
690 3564 726 3632 Β,
751 3564 921 3619 menbrorum
938 3564 968 3620 P
1061 3564 1076 3617 7
1095 3578 1176 3632 queso
1194 3563 1230 3628 Β,

107 3665 197 3718 sscqrrn
213 3663 310 3718 qnsoso
328 3665 379 3706 sor.
392 3665 444 3720 qus
462 3651 490 3706 P
505 3653 572 3708 Μ
667 3649 857 3706 Gbebitnutnr
875 3650 903 3704 Β
997 3651 1116 3720 loquerer
1134 3650 1164 3705 Β

106 3737 125 3790 9
144 3735 260 3790 uiesiono
279 3737 305 3788 Τ
415 3735 449 3791 10
464 3735 607 3791 moribitnr
628 3737 653 3790 Τ
762 3737 793 3790 ll
812 3739 934 3791 mentum
952 3737 979 3791 L
1079 3736 1113 3792 12
1129 3737 1230 3792 tribues

108 3831 136 3885 Β
233 3829 322 3886 onimo
342 3831 513 3889 Toinrus.
611 3831 645 3887 13
661 3830 795 3901 superfluo
812 3830 848 3898 Β,
875 3831 1021 3900 superfluus
1039 3831 1163 3886 nmo

109 3917 266 4010 sollitudine
284 3953 312 4008 Β
415 3957 555 4024 conceptus
578 3953 605 4008 Β
708 3952 789 4007 debet
813 3952 851 4006 13¹
955 3953 988 4007 14
1005 3951 1117 4007 nonensit
1135 3951 1162 4004 B

109 4047 306 4102 inconmodiV

161 4167 218 4224 XX.
257 4171 288 4224 17
306 4169 462 4225 enodinsT
546 4170 577 4224 19
594 4169 685 4239 quiT
774 4169 1034 4237 noquueeuquum
1052 4167 1161 4222 Beorr.

111 4257 144 4310 23
162 4255 267 4325 proruto
286 4256 313 4310 B
415 4255 451 4310 24
469 4257 547 4311 oeten
565 4256 592 4310 L
608 4273 626 4311 u
644 4271 722 4323 eras..
739 4253 868 4310 fluctuum
888 4253 934 4308 Pb
