2992 4967
661 279 777 352 Regni
795 279 922 335 Felicis
943 276 1075 332 Enuodi

594 471 663 554 Qua
683 472 773 535 ueste
796 472 914 536 nudum
936 467 1066 541 tereret,

551 575 619 641 Hae
641 593 693 639 rer
716 573 837 639 nitebat
859 570 1008 637 aetheris:
1102 598 1105 610 ‚

553 678 704 766 Sordente
725 695 829 771 panno
853 675 1029 759 adquiritur

553 781 620 864 Quo
643 782 745 865 fulget
768 783 922 846 astrorum
945 777 1067 862 globus.

595 952 697 1034 Quam
719 953 802 1018 iusta
825 947 1047 1016 commutatio!

553 1061 682 1122 nstrum
705 1054 846 1140 repandit
868 1054 1011 1138 indigens

551 1161 593 1226 ut
615 1178 710 1242 regna
732 1157 894 1224 mendicus
915 1159 1013 1240 parat.

555 1262 628 1328 Mor
649 1280 736 1329 saera
758 1261 844 1328 uitae
866 1261 1008 1344 portigit,

595 1434 641 1499 De
662 1433 754 1518 plebe
776 1432 855 1498 lusit
877 1433 1072 1511 daemonum,

553 1538 650 1604 lussit
672 1537 791 1603 fauillis
814 1555 956 1622 surgere:

553 1639 665 1707 Visere
688 1645 775 1707 taotu
801 1639 921 1705 funera.

551 1743 692 1827 Flagella
713 1761 823 1825 passus
847 1744 895 1807 est
917 1741 1028 1817 libens,

597 1915 715 1997 Quibus
739 1932 882 1980 eoronam
906 1915 1021 1980 nexuit.

555 2016 728 2098 Conpulsus
752 2015 790 2080 ad
813 2014 986 2080 antistitem

554 2120 670 2185 Votum
693 2135 869 2202 repugnans
892 2116 1007 2202 induit,

552 2222 640 2305 Quod
662 2224 769 2290 saneta
791 2221 948 2304 conpleuit
969 2220 1055 2287 fides.

828 2513 914 2578 XXI.

680 2699 834 2754 HYMNVS
854 2699 879 2752 S.
900 2697 1056 2753 DIONYSI.

597 2856 745 2939 Dionysio
760 2854 902 2920 Christus
919 2855 1004 2920 dedit
1019 2835 1025 2846 a

555 2958 637 3039 Quot
652 2958 747 3031 bella,
763 2960 810 3023 tot
825 2957 982 3023 uictorias.

554 3061 633 3126 Itxut
649 3062 771 3142 piorum
788 3060 866 3126 einis
883 3065 939 3140 est,

554 3162 647 3228 Vrbis
662 3181 814 3244 supernae
831 3164 996 3245 particeps.

597 3315 799 3382 Constantius
815 3319 920 3382 uatem
937 3318 1002 3382 loco

555 3419 718 3501 Quondam
733 3425 883 3501 tyrannus
899 3419 1025 3502 expulit.

552 3522 624 3587 Non
640 3520 733 3588 oesait
748 3525 807 3588 ista
823 3523 958 3603 turbido,

555 3624 661 3692 Creuit
675 3625 823 3708 perieulis
839 3624 925 3692 fides.

358 3917 393 3973 20
419 3933 472 3988 quo
490 3917 518 3984 b,
546 3918 617 3987 quod
634 3916 662 3972 Β
766 3917 800 3972 25
827 3917 967 3971 damonum
987 3915 1011 3984 (o
1029 3915 1061 3969 ia
1078 3921 1144 3984 rae.)
1169 3913 1197 3970 Β
1300 3915 1335 3971 28
1352 3917 1392 3970 est
1408 3915 1429 3982 (a

306 4005 388 4071 corr.)
407 4001 434 4056 Β
537 4002 572 4057 ΒΟ
589 4003 744 4057 antestitem
764 4002 801 4057 ΒΙ
904 4004 937 4059 31
958 4005 1021 4057 uoto
1039 4017 1060 4056 r.
1080 4001 1171 4056 innuit
1187 4001 1251 4068 sort.

358 4119 433 4176 XXI.
459 4121 596 4178 »YMNVS
614 4121 743 4179 satiem
762 4121 926 4180 DIONYSII
947 4121 1074 4179 nlctvs
1087 4123 1110 4177 A
1125 4121 1252 4178 DOMNO
1271 4118 1427 4178 ENNODIO

306 4207 391 4266 inser.
409 4207 437 4264 Β
522 4208 628 4279 aquen
645 4210 673 4264 Β
759 4213 777 4267 t
795 4213 886 4266 uatem
900 4216 945 4278 (ua
957 4213 1039 4278 corr.)
1058 4209 1085 4264 Β
1171 4209 1309 4278 tturpido
1321 4209 1365 4264 Bt
