2992 4967
275 374 386 423 LXXVI

274 546 311 625 Β,
342 545 526 627 firmitatem
549 544 641 625 rell).
679 546 760 609 unde
789 544 893 609 neseio
922 561 963 607 an
985 543 1088 608 uerbis
1110 543 1183 621 236,
1209 546 1251 608 14
1272 562 1355 627 quae
1378 550 1417 611 ut

274 648 448 713 traduntur
463 648 595 713 obseura
610 649 684 712 suut
699 647 823 712 medela
838 647 964 729 paretur
979 647 1156 712 scribendo:
1178 666 1251 713 nere
1265 647 1416 727 damen,

276 749 377 837 (ni)si
396 750 511 816 doleret
532 748 595 812 isto
617 746 730 811 decisio
753 746 909 831 (discissio
932 745 1044 830 oodd.)‚
1066 746 1149 827 qnod
1170 746 1250 811 tales
1270 746 1419 814 homines

275 874 331 919 nec
363 854 436 930 illo,
474 870 571 933 qnam
604 848 711 915 dicitis
740 849 898 913 natricem
930 848 1131 913 mendacium
1162 868 1236 933 csse,
1270 849 1419 934 Liparia

270 958 424 1040 potuisset
451 955 595 1020 emittere.
634 970 692 1017 uox
718 952 833 1017 densio
856 953 939 1016 idem
962 953 1045 1035 quod
1067 952 1219 1017 iudicium
1247 955 1350 1020 ualet.
1374 994 1419 1005 --

275 1061 355 1136 40&
375 1062 414 1123 21
434 1057 571 1139 patricii
586 1052 700 1119 Festos
714 1058 744 1119 et
759 1052 976 1136 Spnnnacbns,
999 1055 1141 1119 onninm
1162 1054 1420 1137 disciplinarum

275 1162 412 1230 notoria
434 1164 462 1225 et
483 1159 658 1224 constantis
683 1160 872 1240 (constantes
893 1158 993 1240 oodd.)
1015 1156 1120 1238 forna
1141 1160 1327 1238 sapientiae,
1354 1163 1420 1227 uisi

276 1266 357 1333 lorte
372 1264 441 1348 quis
457 1266 633 1328 constantes
646 1263 768 1344 fnnae
782 1263 803 1327 i.
815 1280 843 1325 s.
858 1262 957 1343 tirno
971 1260 1114 1343 exempla
1128 1263 1308 1344 saptentiae
1320 1282 1421 1345 prae-

275 1372 348 1437 fert.
374 1372 427 1435 sed
443 1368 655 1450 oppositorum
671 1365 879 1447 aequabilitas
892 1366 973 1449 quod
987 1367 1135 1448 proposui
1146 1367 1363 1433 commendat
1376 1404 1421 1417 -—

275 1474 349 1548 409,
373 1472 414 1537 28
437 1469 548 1535 eninm
573 1470 697 1554 (callim
719 1470 755 1551 B,
782 1468 879 1533 aelim
900 1470 984 1547 rell.)
1010 1468 1105 1533 illam
1124 1470 1272 1535 omnibns
1293 1470 1422 1536 Italiae

270 1574 420 1659 partibas
431 1572 602 1655 praeferri,
618 1576 654 1635 nt
665 1592 745 1653 qnae
757 1591 822 1636 non
832 1571 1042 1653 adquiescent
1053 1572 1183 1637 menits
1192 1572 1421 1654 formarentur

275 1678 436 1758 exemplis.
479 1676 582 1740 lenius
614 1676 671 1739 hoe
700 1675 874 1739 remedium
909 1678 1051 1760 praestat
1079 1675 1201 1741 fortiori
1233 1677 1422 1758 formentur

276 1786 370 1865 atque
392 1780 558 1863 saepiusB
579 1778 690 1843 neltin
705 1797 760 1861 pro
780 1778 893 1843 namn
915 1797 1008 1861 quam
1025 1796 1080 1860 pro
1096 1779 1195 1843 nebim
1217 1779 1357 1846 exhibet.
1380 1818 1419 1830 -

276 1884 350 1960 415,
374 1884 416 1950 25
445 1902 518 1948 nero
547 1882 682 1965 dipnnn
704 1886 733 1945 et
762 1882 883 1945 instnrn
912 1886 966 1959 est,
995 1887 1031 1946 nt
1060 1883 1143 1964 qnod
1164 1902 1187 1947 a
1207 1888 1245 1962 te,
1274 1882 1421 1956 domine.

275 1986 452 2071 accipinns
472 1986 576 2068 pretio
601 1986 747 2067 (preston
767 1982 805 2066 Τ)
831 1986 944 2050 salton
964 1986 1052 2049 nocis
1077 1988 1177 2067 (noces
1198 1988 1250 2071 13¹,
1273 2006 1352 2052 nooe
1377 1988 1423 2053 B'

274 2091 380 2169 HV,
423 2092 452 2153 et
487 2106 559 2153 noce
592 2087 657 2169 Pb)
702 2086 869 2152 solnonns
909 2088 1073 2170 (alnensis
1109 2087 1175 2171 13¹).
1220 2108 1421 2174 quamquam

276 2193 420 2260 codicum
443 2190 633 2257 auctoritate
656 2209 731 2255 noce
753 2209 812 2256 non
836 2210 926 2256 noces
948 2192 1077 2266 constet,
1101 2195 1207 2259 nmen
1230 2196 1315 2257 necis
1337 2214 1421 2277 pro·

276 2296 442 2362 babilitate
471 2312 532 2360 uon
563 2295 657 2373 earet,
692 2293 754 2357 nisi
784 2293 865 2359 forte
892 2294 993 2371 pretio
1015 2295 1049 2359 et
1069 2312 1144 2359 noce
1164 2296 1226 2361 sibi
1247 2297 1284 2361 ut
1304 2316 1361 2361 res
1387 2300 1421 2363 et

276 2401 372 2466 uerba
394 2402 601 2482 opponuntur.
639 2398 829 2463 utrumlibet
850 2397 993 2479 elegeris,
1015 2398 1195 2479 accepimns
1215 2417 1270 2481 pro
1292 2401 1420 2481 accipi·

275 2522 347 2567 rnns
368 2500 552 2586 praestabit.
575 2538 611 2549 -—
628 2502 701 2580 418,
725 2500 768 2565 22
790 2520 861 2565 cnm
876 2505 950 2582 post
964 2509 1124 2565 moratas
1136 2501 1266 2568 biennali
1287 2508 1419 2585 torpore

273 2606 379 2691 plebes
400 2612 428 2671 et
449 2606 618 2687 infrenato
643 2604 745 2687 plocio
767 2604 907 2683 {lanino
928 2604 1072 2669 noscellas
1091 2604 1258 2685 frondinn
1280 2608 1418 2673 tunicas

272 2730 397 2794 penna
420 2710 595 2774 conscindit
618 2708 988 2793 (concatenabat,
1011 2708 1194 2772 nnncndet
1207 2706 1264 2793 13¹)
1285 2712 1318 2773 ct
1336 2730 1419 2775 aene

275 2819 400 2879 anctore
433 2814 613 2897 perminnrn
649 2814 775 2877 donnino
810 2812 901 2876 nobis
933 2812 1058 2875 omnia·
1077 2810 1286 2877 reniniscnnt.
1333 2832 1417 2880 eou-

274 2918 436 2983 iunctiuus
464 2916 650 2981 conscendat
677 2919 710 2980 et
737 2916 841 2998 prima
870 2914 985 2983 oodiois
1009 2916 1036 2981 B
1064 2933 1162 2981 maru
1185 2920 1217 2981 et
1238 2918 1334 2982 uerbo
1360 2936 1417 2983 se·

275 3024 390 3102 quante
418 3020 619 3083 reniniscnnt
647 3018 820 3100 repellitur.
858 3017 1052 3084 obsederet
1079 3021 1188 3085 autem
1215 3019 1350 3084 uerbum
1377 3025 1419 3087 de

277 3124 334 3189 hae
355 3142 389 3187 re
412 3122 610 3204 aptissimum
639 3136 708 3186 esso
739 3122 821 3187 alter
849 3123 936 3186 loous
970 3121 1051 3187 on
1071 3122 1124 3202 67,
1148 3124 1171 3188 4
1198 3124 1363 3189 scinditnr
1387 3132 1418 3190 et

276 3230 401 3316 teneros
428 3242 498 3289 nna
513 3216 517 3229 '
524 3242 635 3307 perena
660 3224 788 3288 tunicas
815 3224 963 3304 ostendit,
993 3228 1088 3309 atqin
1119 3228 1287 3309 rumpendi
1314 3230 1419 3295 aerbo

277 3328 437 3412 Vergilius
474 3341 548 3392 usus
585 3329 634 3392 est
665 3326 708 3393 G.
743 3328 777 3392 ΙΙ
811 3327 853 3392 lb
884 3348 1024 3412 pennae
1053 3333 1085 3392 et
1114 3330 1220 3395 annis
1256 3340 1419 3413 rnnpnnt

276 3432 412 3499 tnnicos.
436 3468 477 3479 -
499 3430 573 3509 429.
599 3433 639 3497 14
672 3430 739 3513 (ubi
766 3430 805 3496 ds
834 3432 994 3497 Laurentii
1017 3432 1050 3496 iu
1078 3436 1290 3515 componendo
1312 3435 1418 3500 eoele-

276 3537 340 3602 siae
374 3536 533 3602 Romanae
566 3536 734 3601 schismate
767 3534 926 3601 laboribus
959 3536 1140 3619 meritisque
1169 3538 1287 3620 agitur)
1320 3529 1417 3604 dieat

275 3638 396 3719 aliquis
428 3638 569 3720 forman
601 3656 708 3702 rernn
739 3642 900 3721 poetaram
931 3637 1097 3721 nolipnns
1116 3639 1291 3719 interpres:
1311 3660 1417 3721 qnam

275 3741 387 3805 sortita
419 3744 463 3805 est
495 3740 533 3805 de
565 3741 746 3806 bninnnodi
780 3742 963 3807 constantia
986 3758 1141 3822 praesens
1168 3760 1268 3807 nesso
1295 3743 1417 3810 decisi·

275 3844 390 3909 onem?
430 3848 567 3925 quaerat
597 3845 654 3926 qni
684 3846 764 3928 finis
798 3847 890 3928 (fines
921 3845 1023 3926 codd.)
1058 3844 1097 3909 de
1132 3846 1265 3911 landon
1294 3846 1417 3915 nidore

274 3948 466 4031 contipcrit
486 3944 548 4012 nob
571 3949 655 4013 euim
677 3949 841 4031 quaeritur
862 3948 916 4031 qul
938 3947 989 4013 uel
1011 3950 1081 4013 uter
1103 3950 1300 4032 litigantium
1324 3952 1412 4018 Lau·

275 4052 370 4116 rentii
403 4066 498 4133 opera
521 4051 559 4117 ad
588 4051 682 4116 finem
711 4052 765 4116 uel
795 4048 961 4116 uictoriam
989 4054 1181 4133 peruenerit,
1216 4055 1272 4120 sed
1305 4057 1415 4138 qualis

277 4152 402 4219 effeetus
436 4152 479 4219 sit
513 4151 566 4237 qut
601 4153 752 4237 oraberit,
785 4157 879 4236 atque
907 4154 982 4236 quid
1014 4154 1156 4221 effectum
1184 4152 1227 4222 s'it
1255 4156 1302 4223 eis
1329 4178 1415 4242 quas

276 4260 448 4339 sequuntur
469 4256 572 4323 fusius
595 4258 769 4340 emoritur.
783 4292 827 4306 -
839 4258 915 4333 458,
940 4258 981 4325 12
1001 4256 1177 4324 mianum
1191 4259 1318 4341 sionim
1336 4281 1414 4328 ner·
