2992 4967
448 358 692 432 ffipistularum
711 358 801 414 liber
817 356 886 415 mi
1170 357 1233 427 119

103 549 307 617 rorIsnubila
320 548 503 616 sibilantes
519 547 659 634 depellit,
673 564 746 613 mox
760 546 924 614 rutilantia
938 563 995 628 per
1007 546 1122 613 sudum
1135 547 1233 615 uerba

103 654 295 721 discurrunt.
317 652 425 735 itaque
446 656 503 718 aut
523 650 678 734 perlectos
700 668 757 716 nes
778 648 902 716 laetitia
922 650 1078 715 monstrat
1101 651 1157 716 aut
1182 652 1232 718 in·

104 756 209 822 fantes
232 754 308 821 iacit
331 755 515 821 aduersitas.
539 754 626 834 haee,
647 754 692 819 mi
710 754 847 831 domine,
868 751 958 819 uobis
974 752 1069 817 mam
1092 752 1231 838 adstipu-

103 858 249 925 lantibus
283 856 514 924 eoulirmaulur.
559 873 631 941 ergo
664 858 790 939 tempus
821 854 1037 940 prosperitatis
1068 856 1230 940 amplexus

79 961 203 1029 rreddo
226 961 382 1027 debendae
413 960 609 1027 salutationIs
642 959 806 1037 adamum,
839 976 968 1042 sperm
999 960 1038 1025 ut
1065 959 1150 1025 circa
1179 978 1231 1025 me

103 1066 219 1133 nobilis
240 1065 412 1150 promissio,
435 1083 513 1148 quae
536 1062 765 1147 aplenitudiue
780 1063 901 1147 gratiae
916 1063 1050 1145 sumpsit
1063 1062 1231 1142 exordium,

105 1170 199 1253 quasi
221 1168 424 1236 incrementis
446 1184 544 1253 gana
564 1167 752 1249 geminetur.
774 1164 858 1231 nale.

612 1320 728 1387 XXXI.

504 1440 689 1497 ennomus
711 1440 831 1497 uvido

65 1572 94 1612 ιο
147 1548 237 1615 Licet
246 1548 383 1613 multum
395 1547 485 1613 nobis
498 1566 555 1631 per
569 1546 693 1613 litterae
706 1546 934 1631 magnitudinis
953 1548 1026 1611 tuae
1041 1546 1232 1611 occasionem

102 1650 214 1735 gandii,
235 1650 375 1718 lamenta
389 1655 589 1735 pepererunt,
613 1667 686 1717 aum
700 1652 740 1715 ad
756 1648 926 1715 hilaritatis
941 1646 1125 1730 obsequium
1139 1647 1231 1713 iudex

103 1753 223 1819 funeris
245 1770 344 1819 sermo
367 1752 548 1832 militasset,
583 1771 644 1819 nou
668 1755 777 1819 tamen
797 1771 855 1837 par
887 1752 1027 1817 lacrimis
1049 1750 1228 1817 iucunditas

103 1858 238 1943 contigit
258 1874 316 1923 neo
337 1856 485 1923 maeroris
508 1856 671 1923 turbidum
694 1875 731 1921 ex
762 1859 829 1921 toto
851 1855 980 1940 alloquii
1001 1872 1109 1921 serena
1131 1853 1228 1937 depu-

102 1962 220 2027 lerunt.
242 1960 356 2026 retinet
379 1959 590 2026 adflictionem
604 1978 693 2025 meus
717 1960 755 2025 de
771 1960 854 2025 tanti
877 1959 1053 2025 decessione
1075 1957 1229 2041 pontificis

66 2063 201 2129 raetiam
223 2068 293 2147 post
315 2062 490 2129 desiderata
512 2063 684 2147 conloquia,
701 2061 741 2128 cb
757 2063 815 2127 hoe
837 2062 912 2145 quia
926 2065 1038 2128 natura
1052 2081 1157 2129 rerum
1169 2061 1229 2146 est,

102 2167 141 2231 ut
163 2167 324 2249 quaelibet
345 2166 465 2231 laetiba
486 2166 537 2231 uel
567 2165 679 2231 modici
702 2165 827 2248 angoris
861 2167 1035 2231 conlatione
1056 2168 1228 2248 superetur.

102 2270 159 2335 sed
181 2270 255 2353 quid
278 2288 358 2335 noua
381 2270 672 2335 commemoratione
699 2268 832 2337 fecimus
859 2287 938 2352 quaa
970 2270 1110 2334 animum
1145 2269 1230 2335 clan-

103 2372 228 2439 destina
249 2372 397 2439 hactenus
419 2372 587 2437 iactatione
610 2372 821 2437 domuerunt?
843 2373 925 2438 uotis
947 2373 1062 2438 uestrIs
1085 2390 1157 2439 cum
1179 2371 1231 2438 dei

102 2474 258 2541 adiutorio
280 2477 426 2541 comitem
449 2494 499 2539 me
522 2474 681 2557 promitte,
706 2473 873 2540 dummodo
896 2475 984 2541 salua
1006 2475 1112 2542 domui
1133 2494 1230 2559 papae

65 2578 205 2643 rouostri
226 2578 444 2645 incolumitate
459 2577 558 2643 talem
580 2594 635 2642 nos
658 2577 791 2661 elegisse
814 2594 1010 2661 cognoscam
1033 2597 1127 2661 quam
1148 2597 1229 2657 eum,

101 2681 154 2747 cui
178 2682 299 2747 animae
323 2699 397 2747 curu
419 2682 476 2759 est,
499 2682 627 2746 laudare
642 2697 703 2746 nou
725 2679 851 2764 pudeat
875 2679 962 2746 neias
984 2684 1033 2746 est
1055 2681 1140 2746 enim
1163 2700 1231 2747 cre-

101 2782 231 2849 dentem
258 2784 297 2849 ad
326 2784 453 2866 obliqua
474 2800 641 2866 prouocare
670 2787 702 2849 et
724 2802 817 2865 quem
845 2782 958 2849 affectu
985 2783 1149 2864 obligastis
1176 2803 1232 2869 per

100 2887 223 2952 incerta
244 2886 404 2953 deducere.
429 2890 510 2954 nale.

598 3004 731 3072 XXXII.

61 3139 88 3180 as
469 3124 653 3185 XNNODIVS
675 3124 867 3182 susanam.

145 3232 218 3298 Nou
240 3234 371 3299 aestImo
393 3251 461 3299 rem
482 3233 623 3317 obsequii
646 3234 826 3318 frequentia
852 3252 942 3318 posse
965 3252 1141 3301 mucescere
1170 3253 1229 3301 uec

100 3335 261 3402 culturam
283 3335 463 3421 diligentiae
485 3336 564 3402 uItio
586 3337 783 3419 garrulitatis
805 3336 952 3403 adscribi.
978 3338 1125 3421 suppetat
1149 3338 1228 3403 torte

155 3542 213 3595 isi
232 3556 282 3595 oto.
304 3540 387 3596 Sim.
479 3538 596 3609 depellet
614 3540 642 3597 B
740 3514 870 3595 ΗΓΒ
960 3541 1053 3596 leticia
1068 3556 1118 3597 noa
1138 3541 1164 3595 Β

100 3624 270 3681 bdaebende
288 3625 323 3692 L,
349 3624 467 3681 debenda
485 3627 518 3681 ia
534 3623 624 3681 debite
642 3640 713 3681 corr.
732 3625 759 3680 Τ
772 3627 847 3681 ea.2
949 3626 1009 3723 δια]
1028 3626 1063 3681 ad
1080 3628 1108 3682 L

153 3726 252 3783 XXXI.
289 3728 503 3784 lanceariorum
521 3728 561 3785 Β*
578 3735 611 3783 ot
627 3729 736 3797 saepiae
830 3730 862 3785 ll
881 3728 982 3815 gandia
998 3727 1026 3782 Β
1123 3746 1231 3801 pepere-

98 3830 158 3885 une
177 3830 206 3885 P
289 3832 363 3887 rnen
381 3831 420 3886 13¹
524 3830 557 3886 12
575 3846 592 3918 p
610 3848 663 3887 uon
681 3832 710 3886 Β
798 3804 877 3903 'fn
964 3832 1114 3887 munuae
1134 3832 1163 3887 n
1222 3820 1227 3832 '

98 3936 133 3990 13
151 3936 261 3989 meroris
278 3932 394 3991 13ch
491 3934 616 4004 colloquii
635 3934 716 3990 dim.
823 3935 856 3991 15
873 3932 919 4005 ob]
937 3935 972 3989 ab
990 3934 1069 3992 Siros.
1088 3936 1123 4003 cs.
1141 3936 1228 4007 Epist.

99 4019 195 4075 1120
298 4022 330 4077 16
348 4020 439 4075 letitia
460 4020 488 4076 V
584 4021 618 4075 ll
635 4018 800 4075 claudistina
816 4019 845 4074 Β
948 4021 982 4077 19
1000 4022 1118 4090 promito
1138 4024 1165 4080 l*

97 4104 135 4160 20
151 4110 183 4159 eti
201 4106 229 4160 B
247 4121 307 4176 cap.
325 4121 396 4162 corr.
500 4108 534 4160 21
552 4106 672 4177 pudeant
689 4105 717 4160 L
819 4104 854 4160 id
870 4104 995 4162 diducere
1011 4106 1070 4163 LV
1168 4108 1229 4164 nale

98 4190 266 4333 ο,ι’ῙζΙΒΞΙΙ.
301 4278 336 4333 ab
354 4278 472 4348 eugeniti
489 4277 518 4333 B
620 4278 654 4333 ΒΘ
671 4278 817 4334 renum
832 4277 862 4331 B
