2992 4967
264 341 326 407 120
620 334 736 404 Hagni
754 334 882 390 Felieis
898 332 1029 389 dnnodt

262 528 301 598 do
324 524 514 593 &minutia
540 522 731 591 tabellarum
753 523 910 591 mmsatto
931 522 1013 602 illis,
1047 525 1101 605 qui
1129 522 1275 606 publiose
1300 520 1397 587 utiti-

262 630 339 698 tatis
354 628 471 695 muniis
492 630 701 711 oeenpautnr:
721 627 846 693 neamus
860 645 921 693 nen
936 629 1085 705 meretur,
1107 626 1136 693 si
1157 628 1197 693 ab
1212 624 1397 708 respueris

262 732 455 801 adsiduitate
481 732 635 815 temperet
655 730 830 797 amanus
872 730 992 813 liquido
1013 730 1180 797 mutitetnr
1201 729 1320 797 amera
1339 746 1395 795 no

261 836 455 924 glogeutiam
478 836 532 918 qni
555 852 625 901 oum
649 835 750 918 pessit
770 834 931 918 epistulas,
953 835 987 899 in
1009 834 1122 918 quitus
1144 836 1196 899 est
1215 830 1395 899 atrebata

262 940 422 1025 pabutum,
455 958 518 1005 non
538 937 713 1005 ministrat:
746 954 832 1003 error
863 939 954 1003 otiosi
975 940 1040 1021 est,
1071 937 1099 1003 si
1131 936 1213 1005 bene
1241 938 1430 1019 oonpertas

261 1062 351 1110 ruens
383 1061 438 1125 per
465 1042 592 1126 linguae
623 1042 716 1109 ierim
738 1040 924 1108 deddsrat‘s
951 1041 1137 1107 attenuetur
1164 1038 1292 1122 impasta
1317 1054 1396 1103 een·

263 1146 384 1230 loquiis.
408 1146 463 1211 sed
485 1146 568 1212 siout
590 1162 645 1211 nos
668 1143 854 1229 religionem
873 1144 996 1227 gratiae
1017 1144 1124 1210 teum
1138 1142 1286 1211 eonuenit
1307 1142 1396 1207 euris

264 1250 474 1317 saeeularibns
497 1249 543 1315 nil
564 1248 724 1328 debentes,
747 1250 803 1327 its,
826 1249 889 1315 nisi
910 1246 1096 1331 magnitudo
1118 1248 1225 1313 uestra
1246 1244 1396 1329 partibus

262 1354 327 1419 suis
349 1352 484 1420 adinsrd
506 1351 758 1437 promulgatione
792 1350 947 1435 responsi,
984 1350 1142 1417 damnatis
1174 1349 1272 1433 probe
1306 1349 1397 1415 faeta

262 1457 429 1535 reticendo,
453 1455 526 1538 quis
547 1455 575 1521 si
590 1454 743 1520 tollantur
761 1454 932 1519 uirtutibus
948 1453 1101 1535 praemia,
1117 1472 1211 1536 quem
1231 1451 1431 1519 laborasses·

263 1573 325 1624 non
340 1559 482 1641 pudeat?
503 1576 582 1634 eaeo,
598 1560 752 1641 quantum
767 1557 909 1637 aestimo,
926 1555 1013 1623 breui
1028 1556 1167 1621 eloentns
1186 1559 1395 1639 utrorumque

262 1662 457 1748 propositum
490 1662 593 1727 auimo
617 1680 686 1727 meo
718 1662 801 1727 male
830 1679 897 1726 esse
920 1658 1085 1746 sertitem,
1118 1658 1200 1743 qued
1230 1660 1395 1724 remeante

263 1764 472 1847 Montanario,
495 1782 566 1830 eum
582 1763 736 1829 dedissem
758 1764 899 1848 paginas,
921 1782 984 1829 uon
1005 1762 1119 1847 reoepi,
1142 1763 1223 1848 qnod
1247 1762 1393 1829 debiturn

264 1884 356 1952 poseo
377 1868 447 1951 lege
469 1866 603 1944 restitui,
626 1866 743 1950 pudore
766 1865 928 1949 geminari.
966 1883 1051 1931 nuno
1071 1867 1153 1944 nale,
1180 1865 1226 1931 mi
1255 1863 1392 1945 domine,

263 1974 296 2038 et
322 1970 462 2035 uestram
496 1986 661 2053 quaereus,
700 1968 860 2053 propriam
892 1970 1041 2035 nuntians
1073 1970 1260 2053 sospitatem
1298 1970 1427 2035 deumne

262 2090 379 2159 precor,
402 2077 440 2139 ut
462 2074 489 2140 si
511 2075 574 2139 mei
597 2091 714 2139 memor
736 2076 795 2151 est,
817 2090 964 2158 prospera
984 2075 1091 2141 uestra
1111 2073 1312 2157 multiplioet

751 2276 902 2343 XXXHI.

638 2430 822 2487 sudemus
849 2430 1014 2487 sturmo.

305 2551 342 2619 Si
360 2570 448 2619 amor
478 2553 591 2636 pudori
613 2552 843 2637 adsumerent,
873 2554 902 2619 si
924 2555 1065 2620 earimtis
1091 2551 1279 2638 inpatientia
1301 2570 1392 2619 uere·

262 2655 393 2723 sundino
423 2656 493 2739 legs
515 2659 690 2741 teneretur,
724 2678 743 2725 a
771 2657 971 2743 paginalibus
992 2656 1106 2723 offieiis
1126 2659 1338 2740 temperarem
1358 2657 1425 2722 eta

262 2759 383 2825 silentii
413 2760 547 2827 formam
581 2761 679 2827 uestri
708 2761 852 2827 imitator
880 2762 1091 2841 adsumerem,
1123 2780 1185 2827 non
1207 2762 1392 2845 inprouidus

263 2865 446 2930 aestimator
479 2864 632 2932 conteiens
666 2865 741 2945 illa,
775 2864 888 2948 quibus
915 2865 1123 2931 remuneratio
1152 2864 1282 2931 anobis
1315 2864 1391 2931 snb-

262 2966 413 3045 trahitur,
448 2984 511 3032 nen
543 2967 644 3033 amari
672 2986 730 3033 nee
760 2968 883 3033 suaderi
912 2967 1035 3034 facilius
1068 2968 1257 3033 tabellamm
1291 2968 1391 3033 absti-

264 3068 403 3136 nentiam
425 3087 521 3151 quam
543 3070 688 3149 taeendo,
717 3070 802 3135 uiros
830 3071 1044 3137 comitatensis
1081 3072 1219 3137 exercitii
1246 3089 1303 3153 per
1329 3071 1391 3136 lin-

264 3190 345 3257 guae
368 3170 462 3237 ferias
485 3172 621 3239 emmam
636 3171 711 3256 quid
733 3177 893 3257 respuant.
917 3178 971 3241 sed
993 3192 1054 3239 non
1075 3174 1122 3241 ita
1144 3178 1194 3241 est
1207 3175 1425 3260 mngmtudoa

312 3428 330 3483 2
352 3426 453 3483 muniis
476 3428 538 3494 Pb,
564 3442 664 3482 munus
686 3428 818 3496 BLT'V,
843 3427 998 3483 muneribus
1024 3430 1059 3485 P
1167 3429 1212 3500 ab]
1235 3447 1251 3487 s
1274 3432 1323 3488 Pb

261 3517 279 3571 3
296 3514 481 3586 uonfiuttatnr
498 3516 538 3585 (te
555 3518 635 3583 erae)
653 3516 680 3570 Ι,
774 3515 972 3585 negligmtm
988 3514 1045 3570 BT
1132 3517 1210 3571 dest
1230 3518 1293 3572 Ta
1304 3518 1323 3575 1.

260 3602 278 3657 5
304 3602 400 3687 oeeiosi
429 3602 454 3657 Τ
555 3601 571 3655 'i
598 3600 688 3670 grstia
712 3601 752 3668 Β,
776 3601 866 3656 anime
891 3602 919 3656 1*
1017 3602 1035 3656 9
1061 3601 1170 3657 &uerit
1194 3602 1324 3659 svm

261 3705 416 3775 dampnatis
435 3704 466 3771 Τ,
490 3704 630 3760 emmae
648 3704 676 3761 B
778 3706 810 3762 11
828 3707 1003 3777 uterumque
1019 3706 1047 3760 Β
1144 3706 1178 3761 13
1194 3707 1278 3777 reeipi
1294 3708 1325 3762 Β

263 3789 478 3859 1411010113ι
582 3790 715 3859 geminati
741 3792 776 3845 T·
878 3793 913 3847 15
938 3805 1053 3863 querens
1076 3790 1104 3845 Β
1209 3792 1242 3847 16
1264 3809 1393 3849 more·

262 3876 301 3933 11¹
318 3892 345 3929 nn
363 3890 433 3930 erae
452 3881 479 3931 et
496 3892 524 3931 re
540 3878 573 3932 ies
589 3882 619 3932 re
637 3894 708 3933 sorr.
725 3896 760 3933 m.
779 3884 838 3935 oet.
940 3877 1115 3947 multiplieetl
1133 3877 1196 3933 finit
1213 3878 1279 3934 ado.
1298 3880 1327 3934 Β

313 3993 443 4051 xmn.
479 3996 513 4051 1e
529 3996 629 4065 puros
645 3998 711 4067 ae.
808 3998 972 4067 mesenus
987 3998 1017 4052 a
1118 3999 1153 4054 so
1169 3970 1278 4054 uniam
1296 3999 1326 4053 n

261 4082 297 4138 21
313 4081 416 4137 silentii
433 4084 465 4139 ia
481 4082 621 4139 silentium
638 4098 710 4139 eurr.
730 4084 837 4139 Teati
931 4084 1046 4139 formem
1063 4084 1117 4152 Bt,
1145 4100 1197 4141 oea.
1215 4084 1329 4140 mv

262 4166 388 4222 imitatur
405 4168 433 4223 Β
536 4170 685 4240 improuide
701 4170 746 4226 Pb
849 4169 883 4224 22
907 4171 1066 4227 autimatnr
1083 4170 1111 4224 Β
1215 4170 1390 4226 subtrahetur

262 4252 290 4309 Β
393 4254 428 4310 24
448 4254 506 4311 uiro
523 4256 651 4311 eomittat
668 4257 739 4312 ausis
756 4256 803 4312 Bt
