2992 4967
292 314 312 380 6
649 311 764 381 Magni
780 310 910 366 Felicis
927 309 1059 366 Eunodi

291 503 472 587 rumpenda.
496 505 551 569 deo
565 503 691 586 gratias,
713 504 768 586 qm
780 521 817 568 ea
832 521 910 587 quae
924 502 1002 568 dura
1023 499 1231 566 aestimantur
1251 500 1417 568 clementia

292 607 369 672 bene
390 607 486 671 uertit
509 610 641 689 atquae
672 625 707 671 er
728 605 843 672 merito
872 605 982 672 uestro·
1010 605 1144 670 uentura
1166 605 1352 689 collegimus
1380 625 1416 671 er

292 727 347 775 sue
368 708 445 774 facit
466 710 665 775 miseratione
687 709 863 776 transferri.
896 708 1067 775 noluissem
1085 709 1190 773 tamen
1213 707 1312 775 talem
1335 709 1416 774 circa

291 811 479 895 parcitatem
500 830 604 878 meam
625 811 765 896 dignatio
787 817 893 879 uestm
914 813 1069 877 tenuisset
1091 812 1249 891 affectum,
1271 814 1309 878 ut
1323 831 1416 896 quem

293 916 439 981 comitem
468 933 557 998 saepe
583 914 707 1000 gaudiis
739 915 928 983 adhibuistis
965 935 1038 982 cum
1067 933 1103 980 eo
1126 914 1298 999 elegissetis
1322 916 1443 982 etiams

292 1019 421 1085 aduersa
447 1019 566 1102 partiri.
604 1038 644 1085 au
670 1019 791 1103 putatis
821 1021 884 1086 tale
916 1018 1100 1086 beneficium
1122 1018 1157 1084 iu
1179 1020 1343 1102 acceptum
1364 1037 1415 1084 me

290 1125 356 1188 esse
377 1123 565 1206 relaturum,
593 1123 621 1188 si
650 1125 691 1190 ab
711 1124 852 1190 aestibus
874 1125 1007 1208 pectoris
1030 1122 1129 1188 uestm
1151 1123 1313 1205 tamquam
1334 1123 1416 1187 male

291 1225 393 1291 fidelis
416 1225 585 1294 excludar?
618 1245 679 1294 non
702 1231 766 1307 est,
801 1230 837 1293 ut
857 1228 957 1304 uideo,
980 1227 1062 1312 apud
1083 1243 1139 1292 uos
1161 1225 1224 1291 mei
1245 1226 1326 1292 ratio
1350 1226 1416 1291 dis·

291 1332 422 1414 pensata
444 1329 574 1396 consilii.
597 1350 653 1417 ego
675 1331 756 1397 mihi
777 1331 878 1413 perire
891 1332 1029 1416 gratim
1042 1331 1128 1413 puto,
1149 1329 1212 1394 nisi
1228 1347 1298 1394 eam
1311 1349 1415 1394 rerum

291 1433 430 1500 omnium
451 1435 614 1502 uobiscum
636 1434 917 1500 communicatione
938 1433 1096 1500 nutriatis.
1126 1433 1267 1511 desinite,
1291 1451 1444 1514 quassus

291 1538 324 1602 in
346 1536 406 1604 bec
432 1537 511 1604 mibi
538 1541 628 1624 parte
655 1538 816 1604 consulere
847 1538 952 1604 uestra
973 1537 1117 1620 inpendio
1139 1534 1236 1601 uerba
1258 1535 1415 1619 cupienti:

292 1641 342 1706 cui
364 1643 391 1707 si
412 1640 514 1708 uotiui
542 1643 694 1726 negentur
721 1640 850 1721 affatus,
879 1641 1040 1718 fatiscam,
1068 1643 1105 1704 ut
1134 1639 1218 1704 terra
1247 1637 1298 1704 cui
1330 1639 1416 1704 caelo

291 1743 371 1810 nihil
401 1745 533 1827 liquitur
561 1761 618 1809 nec
645 1761 739 1809 uenas
767 1761 840 1809 euos
867 1759 940 1808 auco
966 1741 1068 1809 bibuli
1093 1743 1232 1808 humoris
1265 1740 1415 1818 infundit,

292 1846 373 1912 unde
394 1845 512 1912 innatis
534 1847 683 1913 alimenta
705 1845 818 1912 culmis
845 1845 989 1913 exhibeat
1016 1847 1110 1912 etad
1132 1845 1246 1911 falcem
1267 1845 1414 1930 grauidas

292 1947 406 2016 aristas
428 1951 568 2016 adducat
590 1951 627 2015 nt
648 1950 741 2034 piscis
765 1968 846 2032 aqua
866 1950 1041 2017 abstractus
1056 1948 1210 2016 uitalibus
1223 1947 1441 2015 indumentiso

292 2052 433 2135 priuatus
455 2052 656 2136 extinguitur,
686 2055 730 2118 sic
757 2071 813 2137 ego
837 2053 997 2120 subductis
1018 2051 1146 2136 alloquii
1170 2051 1264 2117 uestri
1286 2050 1416 2118 fluentis

291 2155 462 2222 interimor.
499 2159 650 2240 quaerant
677 2156 733 2222 alii
757 2156 838 2240 quod
868 2156 1019 2235 delectet,
1049 2174 1106 2239 ego
1135 2173 1186 2220 res
1215 2153 1255 2221 ad
1278 2157 1416 2221 animam

291 2259 480 2342 perimentes
513 2259 688 2341 expostulo:
722 2260 803 2325 mibi
839 2275 899 2325 non
932 2260 998 2324 tam
1029 2258 1282 2326 delicias'uerba
1310 2262 1416 2324 uestra

291 2363 419 2446 pariunt
440 2378 534 2445 quam
556 2362 697 2428 salutem.
720 2381 786 2429 reru
802 2363 902 2428 fateor
916 2362 1015 2430 nullis
1029 2361 1198 2429 coloratam
1213 2361 1302 2444 fucis,
1319 2362 1415 2428 nullis

291 2467 474 2533 nebularum
486 2466 643 2550 depictam
658 2466 838 2546 mendaciis,
853 2469 999 2550 quianon
1013 2484 1084 2531 sum
1100 2465 1271 2532 simulandi
1284 2465 1443 2531 artiferza

291 2569 470 2651 decerptum
492 2568 610 2652 aliquid
631 2569 715 2635 uitae
737 2587 824 2635 meae
845 2569 967 2649 censui,
991 2572 1065 2636 dum
1087 2569 1209 2635 tacetis.
1247 2569 1331 2635 male
1361 2587 1415 2634 uos

291 2670 397 2738 fideles
419 2673 570 2751 adseritis,
590 2671 617 2736 si
639 2673 679 2737 ed
700 2690 791 2738 aures
812 2691 897 2738 meas
914 2673 1104 2757 generaliter
1126 2671 1267 2738 deflenda
1282 2689 1338 2755 per
1361 2691 1415 2738 uos

291 2773 469 2841 deierantur
489 2773 702 2853 incommoda,
732 2776 824 2858 quasi
854 2775 976 2840 nescire
996 2773 1092 2840 alicui
1115 2773 1292 2839 Christiano
1318 2775 1415 2840 liceat

291 2877 428 2957 malurn,
457 2879 509 2944 cui
531 2878 628 2946 Rome
657 2877 846 2946 subcumbit
883 2877 1030 2943 barbaras
1052 2878 1191 2944 nationes
1212 2879 1246 2942 et
1266 2893 1286 2941 a
1307 2881 1413 2944 nostro

291 2973 393 3048 limite
415 2981 480 3048 toto
501 3002 580 3067 pene
603 2983 677 3049 orbe
690 2983 849 3058 discretae,
873 2982 1029 3048 continuis
1043 2981 1119 3048 haec
1134 2981 1251 3048 conicio
1263 2981 1441 3047 lementise

290 3085 498 3167 ingemescere
531 3088 563 3151 et
595 3086 635 3152 ad
667 3083 816 3150 solacium
852 3087 994 3151 nostrum
1026 3083 1171 3151 lacrimas
1209 3087 1411 3151 commodare.
1480 3112 1481 3169 i

291 3185 383 3253 buius
405 3189 450 3254 rei
471 3188 655 3272 magnitudo
677 3187 783 3253 uestra
804 3187 952 3254 adbibere
974 3207 1007 3253 se
1029 3187 1166 3255 indicem
1188 3185 1288 3270 fugit,
1319 3189 1356 3252 ut
1383 3187 1414 3251 in

342 3426 357 3480 1
384 3424 611 3481 existimanturb
712 3425 729 3480 2
756 3426 909 3498 colligimus
935 3427 960 3482 1'
1064 3429 1082 3482 3
1105 3425 1175 3496 quod
1197 3427 1279 3481 talem
1304 3427 1348 3481 Po

291 3511 431 3566 testibus
454 3510 483 3566 B
583 3511 698 3580 peccoris
722 3511 746 3567 Τ
847 3516 976 3583 tauquam
1002 3512 1057 3569 TV
1156 3511 1173 3566 9
1195 3513 1312 3582 gratiam
1329 3513 1414 3581 perire

294 3597 319 3653 Τ
414 3595 448 3652 10
464 3595 595 3650 nutriaris
612 3597 680 3653 Μ’
762 3598 898 3669 deriguite
916 3599 961 3655 Pb
1063 3599 1094 3653 11
1113 3598 1249 3668 impendio
1267 3597 1349 3653 ΜΨ

291 3683 325 3740 12
341 3683 422 3754 quit
513 3683 638 3738 tetecum
657 3683 693 3749 B,
711 3683 823 3740 leducat
840 3684 965 3741 LPTVb
1068 3684 1100 3739 1³
1118 3683 1204 3738 uilT
1298 3685 1414 3754 liquitur

290 3786 331 3852 B,
356 3784 490 3855 linquitur
515 3783 631 3852 LPVd,
656 3776 775 3857 linquid
802 3789 828 3843 Τ
929 3800 1005 3843 succo
1032 3785 1073 3842 Tb
1177 3787 1293 3842 rumoris
1320 3788 1347 3843 L

291 3875 324 3930 15
350 3872 448 3928 emetat
471 3873 509 3930 12¹
534 3880 567 3930 ot
584 3873 697 3930 oidmur
799 3875 832 3929 16
858 3875 958 3960 uestri!
980 3873 1009 3927 Β
1110 3861 1220 3929 fluentis
1237 3873 1265 3927 Β
1287 3875 1346 3930 at

291 3993 324 4048 18
341 3992 445 4048 diliciae
461 3992 490 4048 B
580 3995 615 4050 20
631 3995 695 4066 non]
713 3999 782 4052 dont
802 3997 828 4049 T
916 3996 948 4051 21
967 3967 1105 4050 decer’tum
1123 3993 1151 4050 L
1239 3993 1275 4048 22
1292 3993 1413 4050 aeseritb

293 4077 511 4148 dladeeretisB,
524 4079 721 4136 meerimnePb
811 4079 1014 4136 meubcumbet
1026 4081 1063 4146 B,
1074 4079 1229 4136 'succumbit
1241 4080 1348 4139 mv

289 4164 505 4234 admonstrare,
518 4166 748 4224 diuisesLPTVt
833 4167 972 4223 conitiod'
1054 4167 1347 4237 adingemiscereffi

290 4251 417 4307 solacium
428 4252 515 4322 ΒΡΤ,
529 4254 656 4308 solatium
669 4251 729 4309 LV
809 4251 1127 4310 diaddbereLbcrce.
1211 4253 1326 4309 iudicem
1338 4253 1383 4310 Po
