2992 4967
540 360 657 416 niceto
680 358 771 416 xvii
1150 365 1217 434 473

88 550 181 618 donis
207 549 282 636 igne
308 555 477 635 raperetur,
507 571 545 618 ne
573 550 694 618 famula
716 553 843 618 castitas
866 552 949 620 hosti
970 553 1108 636 pretium
1129 553 1217 622 lieret

88 654 274 734 insultanti,
304 674 343 720 ne
372 654 551 740 corporibus
579 675 616 721 eu
643 655 781 723 bumana
802 655 981 724 condicione
1003 656 1146 724 liberatis
1169 659 1216 724 uis

86 757 225 824 inimica
244 756 419 842 subriperet
434 761 468 824 et
482 759 680 825 muersame
702 758 856 840 pudicitia
873 759 996 829 libidini
1013 762 1052 829 ad
1067 759 1216 828 ultimum

87 861 226 929 deducta
257 861 398 931 sernirct.
431 877 545 943 quaero
574 877 594 926 a
623 869 671 937 te,
704 860 800 927 beron
834 862 1049 946 magnanimo,
1083 862 1217 946 quidde

58 963 195 1046 epatris
216 963 273 1028 tua
294 963 371 1028 mali
393 961 563 1048 depuleris,
593 964 621 1028 si
643 963 720 1030 baec
750 981 830 1045 qnae
851 963 944 1030 timui
967 967 1067 1032 uictor
1087 965 1217 1048 optasti,

87 1067 168 1133 dnm
196 1067 313 1132 mortes
344 1065 483 1131 bostium
511 1065 627 1132 ictibus
654 1067 718 1133 inis
747 1067 912 1135 numinum
935 1067 1025 1137 iauor
1047 1067 1213 1136 addiceret.

86 1173 255 1252 percontor
277 1173 384 1234 utrum
405 1167 582 1252 poposceris
595 1186 723 1252 superos
738 1168 771 1234 in
786 1169 842 1235 illa
858 1171 1045 1238 necessitate
1059 1171 1216 1239 fautores?

88 1272 119 1338 si
142 1271 264 1352 iecisti,
287 1270 471 1354 perfunctus
493 1270 641 1352 perieulis
663 1270 878 1348 sacerdotibus
902 1291 1009 1343 eornm
1033 1293 1088 1358 pro
1111 1274 1218 1342 debita

86 1373 249 1441 oblatione
269 1373 447 1440 minitaris?
468 1373 496 1438 si
517 1390 580 1438 non
601 1373 775 1440 adhibuisti
788 1375 841 1458 pia
855 1379 930 1441 nota
945 1377 1119 1458 subumidi,
1142 1378 1217 1461 quid

42 1476 154 1546 rotibi
185 1478 295 1554 debeo,
333 1494 425 1558 quem
461 1476 528 1540 sine
564 1475 706 1558 precibus
741 1479 806 1544 suis
842 1479 997 1562 generalis
1029 1481 1217 1564 prosperitas

87 1581 240 1647 comitale
271 1576 443 1648 liberauit?
478 1579 508 1643 si
540 1579 715 1664 intellegis,
752 1581 890 1648 muitum
924 1586 970 1647 est
1002 1583 1085 1666 qnod
1121 1583 1216 1650 dobes

87 1683 282 1766 numinibus,
297 1686 323 1750 si
339 1685 531 1756 studuerunt,
543 1684 694 1768 supplici:
712 1685 823 1762 maius,
840 1685 867 1748 si
883 1684 1035 1751 dederunt
1052 1686 1217 1754 uictoriam

89 1805 155 1852 non
177 1787 306 1869 petenti.
340 1785 440 1870 credo,
462 1787 620 1871 digressum
642 1804 659 1851 e
679 1786 798 1870 proelio
826 1786 895 1852 loco
924 1786 1065 1870 principe
1087 1787 1218 1854 delubra

88 1894 257 1961 emeretur
277 1909 311 1956 es
333 1889 434 1956 stibi
455 1891 591 1974 gratiam
625 1889 781 1968 retulisti,
814 1892 896 1955 unde
922 1889 1069 1974 praedam
1098 1890 1217 1956 feriatis

47 1993 237 2064 ismanibnc
270 1996 371 2060 certas
404 1994 556 2076 abripere.
589 2011 696 2076 upreor
719 2012 759 2077 ns
779 1995 907 2078 templis
940 1993 1028 2060 nullu
1055 1993 1122 2060 iace
1144 2011 1217 2060 con-

86 2096 225 2178 sumptis
246 2097 341 2162 ducat
362 2095 517 2163 uestalem
539 2096 697 2181 uirginem
717 2115 784 2164 sors
807 2097 943 2164 emunda
964 2097 1132 2180 captiuam.

603 2368 703 2435 XVII.

89 2551 232 2620 Dicito
259 2553 309 2618 IN
335 2553 427 2620 EVM
448 2551 522 2636 Qvi
544 2551 935 2622 stultissimos
964 2553 1216 2622 susinum.

483 2673 599 2742 nini
625 2673 823 2743 nannoni.

49 2877 81 2918 eo
133 2847 261 2930 Nescio,
292 2849 425 2929 iudices,
457 2855 566 2917 utrum
587 2852 768 2917 inueniatur
789 2868 902 2933 poena,
933 2867 1012 2932 qnae
1034 2847 1217 2915 criminibus

87 2951 266 3019 satisfaciet
287 2953 424 3036 inpetiti.
458 2955 586 3020 interim
609 2955 697 3021 dceet
717 2954 846 3035 linguce
869 2953 972 3036 copia,
996 2953 1119 3035 qnando
1140 2950 1217 3018 itroi-

90 3055 175 3120 noris
197 3056 323 3122 nouitas
345 3063 475 3140 superat
497 3062 689 3141 arguentem.
723 3057 785 3122 isle
800 3059 849 3122 est
862 3056 948 3121 filins
964 3055 1019 3138 qui
1041 3054 1217 3138 grandacuo

142 3275 160 3328 2
186 3275 339 3330 conditione
364 3275 428 3330 labri
529 3275 663 3330 libertatis
689 3275 717 3330 Β
824 3275 841 3331 d
866 3279 894 3330 et
921 3276 949 3330 B
975 3289 997 3330 r.
1019 3275 1039 3332 l.
1141 3271 1218 3343 pudi-

88 3359 264 3416 citia-eros
284 3376 333 3415 cm.
357 3361 397 3415 Βι
420 3360 485 3418 edd
502 3375 572 3416 corr.
589 3363 623 3418 ire
638 3377 687 3432 cip.
705 3363 760 3428 icus.
863 3363 881 3415 4
904 3377 965 3416 eros
986 3361 1028 3426 B,
1057 3360 1135 3415 beros
1153 3360 1169 3416 b
1186 3361 1219 3414 iro

89 3462 140 3516 cip.
244 3448 415 3517 magnanime
432 3447 460 3501 B
561 3445 702 3516 bdepnlis
721 3447 748 3502 Τ
847 3447 979 3501 omenes
999 3443 1095 3509 Sim..
1124 3445 1218 3499 mortis

90 3527 156 3585 iuri
275 3528 399 3586 hostibus
427 3529 467 3586 11¹
586 3529 702 3585 hictibus
734 3530 760 3586 T
876 3526 1023 3586 sidioeret.
1040 3527 1137 3594 Sim,
1173 3527 1219 3582 ad·

90 3616 187 3672 dicent
205 3617 322 3684 BPTV,
349 3618 510 3673 eddi-scant
527 3617 567 3687 (di
583 3619 668 3685 aaa.)
688 3616 729 3686 L,
756 3616 919 3686 sdiiwstb
1022 3616 1038 3670 i
1062 3617 1219 3684 percunctor

90 3719 154 3786 BT,
178 3723 323 3788 pmcoutur
340 3721 378 3775 L·
474 3721 609 3776 sanctores
626 3714 694 3775 ΒΥ*
785 3720 810 3774 ’2
827 3709 954 3774 'initeris
972 3719 1000 3773 B
1098 3716 1219 3771 babnlsti

90 3805 118 3859 L
225 3807 379 3862 certaminis
406 3808 446 3861 Βι
560 3808 591 3862 li
618 3806 749 3862 liberabit
773 3806 802 3860 B
909 3802 1087 3873 inteiiogistis
1113 3802 1150 3856 υ

91 3909 125 3962 12
143 3907 268 3963 mmor»
284 3905 345 3965 st
435 3909 578 3965 summe
594 3909 623 3965 n
717 3909 843 3979 mpprrm
861 3907 900 3962 Β·
1000 3900 1033 3960 m
1050 3889 1106 3975 irio
1120 3905 1152 3960 s
1185 3913 1188 3922 ,

91 3995 119 4048 Β
161 4027 164 4037 ·
222 3995 707 4072 lineucrat’llt‘ipctnseorr.)B
976 4054 978 4060 ,
1099 4038 1101 4051 .

142 4095 431 4164 missurn
533 4097 746 4168 patriccbceB
852 4093 1049 4178 iideprtaB
1152 4096 1219 4150 Ars-

90 4201 153 4270 tori]
170 4201 357 4263 memores
373 4204 471 4271 quara
487 4203 571 4261 mser.
590 4201 656 4259 add.
677 4202 761 4259 ditm.
864 4199 900 4254 20
922 4197 1108 4268 crinipibusu
1125 4198 1152 4254 L

91 4285 125 4341 21
143 4286 224 4355 cupis
238 4285 278 4342 B¹
381 4287 417 4341 22
433 4286 569 4357 wdone
585 4289 652 4347 curo
