2992 4967
649 381 764 451 llagni
781 380 909 435 Felicis
926 378 1059 433 Ennodi

783 569 930 636 XXXVI.

531 688 712 745 ennomus
731 688 921 743 abscondo
939 686 1179 743 PBXSBXTXRO.

336 796 485 863 (lactastis
515 795 704 879 dispensatio
737 794 891 878 religiosis
924 793 1085 860 desideriis
1117 809 1290 874 numquam
1324 793 1423 872 negat

294 900 458 965 effectum:
496 917 567 964 nam
601 898 683 981 quod
715 900 765 980 pie
798 898 940 980 cupimus
973 898 1096 962 maturo
1128 900 1269 979 praestat
1301 893 1422 958 dudio.

293 1003 483 1068 desideranti
506 1002 589 1067 enim
605 1001 682 1065 mihi
697 1020 754 1084 per
775 1000 898 1065 litteras
920 999 1096 1065 cratonum
1118 1000 1294 1063 uestrarum
1309 997 1455 1079 postu-s

295 1105 357 1169 lare
379 1104 529 1188 suffragia
550 1105 739 1187 perlatorem
762 1104 965 1169 domesticum
987 1103 1062 1167 nota
1082 1102 1278 1186 pepererunt,
1300 1099 1342 1163 ut
1366 1098 1425 1163 sti·

294 1206 379 1271 mulo
402 1208 578 1289 scriptionis
601 1206 753 1272 admoniti
769 1224 824 1289 pro
845 1206 981 1288 suscepti
1003 1206 1110 1271 anima
1130 1203 1323 1288 supplicetis,
1348 1201 1426 1284 qnia

293 1311 400 1375 doctor
416 1311 558 1394 gentium
580 1310 710 1375 clamat:
733 1314 846 1374 orate
868 1327 934 1390 pro
955 1310 1136 1373 inuicem.
1160 1307 1241 1371 nihil
1261 1309 1353 1371 enim
1376 1306 1426 1370 est

293 1415 374 1496 quod
403 1414 496 1479 deum
525 1414 658 1495 diligens
688 1412 784 1477 etiam
811 1429 866 1495 pro
898 1410 1149 1493 delinquentibus
1182 1410 1325 1493 optinere
1361 1426 1426 1472 non

294 1518 404 1600 possit.
441 1517 583 1583 laborate
612 1534 684 1598 ergo
706 1515 867 1597 promissis
890 1514 1008 1579 dudum
1035 1511 1219 1596 patrociniis
1248 1513 1282 1577 et
1302 1512 1455 1595 gaudina

294 1620 373 1685 mihi
389 1639 445 1702 per
466 1620 610 1685 lacrimas
625 1620 811 1703 conparate:
834 1618 943 1683 ueniat
963 1618 1003 1681 ad
1018 1634 1068 1680 me
1085 1614 1205 1681 ductus
1227 1614 1427 1679 innocentiae

295 1724 417 1788 meritis
431 1725 604 1808 ignoratus.
628 1722 703 1788 baec
725 1725 808 1798 eunt,
831 1719 998 1802 dequibus
1020 1719 1166 1784 sanctum
1181 1717 1233 1783 dei
1255 1721 1425 1785 admonere

295 1826 498 1908 praesumpsi.
539 1826 634 1889 timeo
666 1824 747 1889 enim
779 1824 879 1889 iacere
908 1822 1025 1905 prolixa
1057 1822 1233 1904 conloquia,
1269 1822 1347 1902 quia
1377 1840 1425 1885 res

297 1928 470 1993 necessaria
492 1928 607 1993 strictis
631 1928 677 1992 est
699 1927 883 2009 postulanda
905 1924 1107 1991 sermonibus.
1137 1925 1273 1990 nuncin
1295 1922 1425 1988 Christo

298 2030 411 2110 ualete‚
434 2032 478 2095 mi
494 2030 621 2112 domini,
645 2034 676 2095 ct
698 2033 812 2097 sentire
835 2048 885 2094 me
903 2028 1127 2110 deprecationis
1150 2030 1274 2091 uestrae
1289 2044 1454 2094 munerans

298 2134 452 2215 prosperis
475 2133 617 2199 indicate.

775 2268 938 2335 XXXVII.

673 2384 855 2443 sunonsvs
878 2386 1044 2441 rosanus.

338 2494 419 2576 Ergo
442 2493 520 2557 falso
539 2493 675 2557 creditur
701 2509 838 2557 amorem
861 2491 948 2556 reddi
963 2490 1145 2574 diligentiae
1169 2494 1200 2555 et
1222 2488 1331 2554 tacitis
1354 2491 1422 2554 ani·

296 2614 364 2661 mas
387 2614 420 2659 se
443 2596 636 2677 interrogare
657 2595 830 2677 colloquiis,
845 2594 938 2659 fidem
960 2596 1115 2659 mentium
1136 2610 1245 2658 sensus
1266 2594 1452 2668 adsereraeo

297 2702 333 2764 ut
355 2701 436 2783 quod
459 2700 655 2781 inpendimus
677 2699 797 2763 uicaria
824 2697 912 2763 nobis
934 2698 1086 2763 relatione
1108 2696 1280 2762 debeatur?
1315 2713 1422 2761 uorem

294 2804 448 2871 montium
476 2808 596 2867 secreta
618 2802 787 2866 restituunt
821 2805 855 2865 et
875 2800 907 2865 in
930 2802 1073 2883 obsequio
1103 2799 1309 2864 humanitatis
1332 2802 1423 2864 muta

295 2906 490 2971 fabulantur:
519 2908 573 2970 sed
602 2903 854 2989 magnitudinem
882 2907 970 2968 tuam
999 2903 1032 2967 in
1061 2904 1243 2984 contemptu
1264 2900 1330 2965 mei
1352 2920 1422 2966 eon·

294 3012 369 3091 trgrt
402 3007 561 3072 silentium
594 3024 649 3087 pro
682 3008 850 3088 scriptione
882 3006 1054 3095 rmhibere,
1070 3009 1102 3069 et
1130 3006 1163 3068 in
1198 3003 1421 3085 astipulatione

295 3109 423 3175 artificis
452 3111 534 3192 genii
562 3111 761 3192 temperando
790 3110 954 3193 apaginis
985 3108 1189 3193 pertinaciam
1222 3106 1450 3189 garrulitatiss

296 3213 468 3296 obprimere
491 3214 621 3278 naturae
643 3214 711 3296 lege
734 3213 862 3277 calcata.
886 3213 1018 3277 facessat
1040 3229 1059 3275 a
1081 3209 1218 3275 moribus
1233 3207 1312 3275 meis
1334 3208 1421 3291 sequi

296 3320 376 3399 quod
391 3316 561 3381 admissum
577 3317 662 3383 doleo
686 3318 719 3381 et
734 3316 897 3382 subleuare
912 3314 1018 3398 culpas
1033 3313 1195 3379 imitando.
1220 3330 1290 3377 ecce
1305 3314 1422 3377 iterum

398 3470 587 3537 8mbffi

346 3602 468 3706 XXXXI.
503 3606 686 3677 apresbitero
704 3607 731 3661 Β
827 3605 1036 3675 dreligionisb
1138 3602 1307 3671 5postolere
1325 3602 1355 3657 B

295 3712 758 3781 9qnodde(nms.l.m.rcc.)‚
781 3710 942 3780 quoddamb
1028 3706 1189 3761 obtinereT
1273 3706 1308 3761 10
1318 3708 1423 3796 dudum

295 3833 363 3889 mibi
382 3834 408 3887 Τ
508 3834 540 3888 12
559 3833 690 3902 sanctum]
710 3832 887 3886 secundnmb
990 3793 1074 3884 affi-
1090 3830 1118 3883 Β
1144 3828 1290 3894 (dominnm
1307 3844 1329 3883 a·
1348 3830 1366 3884 l.
1386 3847 1421 3884 rra.

294 3923 368 3983 rec),
394 3918 533 3973 dominum
550 3918 566 3971 b
665 3918 697 3973 14
715 3917 872 3987 postolando
889 3918 917 3971 Β
1017 3918 1048 3971 15
1067 3917 1173 3970 domine
1190 3915 1239 3970 Bb

346 4017 484 4075 XXXVII.
515 4020 548 4075 19
566 4023 710 4105 amatorem
729 4020 757 4074 Β
837 4014 878 4073 '20
890 4018 1052 4073 adsereretb
1138 4018 1172 4071 21
1190 4018 1301 4073 debetur
1318 4018 1353 4072 Ῥ

295 4122 328 4175 aa
351 4120 518 4175 semenator
540 4092 634 4176 arv'
731 4122 765 4175 se
788 4121 905 4175 recisae
928 4121 1046 4187 sarr,
1071 4120 1179 4175 sanare
1195 4121 1212 4174 o
1229 4127 1256 4174 a
1271 4120 1299 4174 s
1316 4138 1351 4177 a.
1370 4138 1420 4176 re„

294 4222 316 4261 s.
334 4207 352 4262 t.
455 4208 491 4261 26
508 4210 601 4261 nature
619 4208 646 4261 Β
749 4208 782 4261 27
800 4205 946 4261 imittando
965 4207 1002 4273 Τ,
1028 4205 1174 4261 emittendo
1192 4206 1233 4273 Β,
1259 4207 1387 4262 enitendo
1404 4209 1420 4261 b

295 4299 322 4347 ct
338 4293 366 4347 Β
383 4309 405 4348 e.
424 4294 441 4348 t
460 4310 496 4350 m.
515 4310 567 4348 rec.
