2992 4967
365 352 481 421 Opuso.
498 352 536 409 11.
559 351 715 407 Libellus
732 368 791 423 pro
808 353 942 425 synodo.
1151 354 1213 425 301

86 540 200 607 melias
228 542 286 607 aut
312 542 499 627 despicimus
528 544 583 609 aut
611 542 760 620 ridemus,
796 544 910 627 quihus
930 544 1081 627 scriptum
1103 544 1154 611 eet
1174 542 1212 609 de

86 644 217 713 famulis
244 662 300 727 per
332 645 523 731 apostolum:
558 648 793 713 mementote
826 647 917 729 quia
944 651 1079 714 uester
1107 648 1146 713 et
1166 647 1215 714 il·

84 750 213 815 lorum
234 748 413 815 dominus
434 750 472 816 in
495 749 616 817 caelis
639 753 713 826 est,
736 750 777 815 ad
800 748 875 816 haec
895 750 1011 817 saeculi
1026 750 1215 818 mulareuo·

85 851 253 917 cehimur?
275 850 450 921 tedoadum
471 870 490 917 e
510 851 599 919 uobis
623 856 671 919 est
693 855 775 937 quod
797 851 965 919 facientem
986 852 1124 919 alterum
1142 870 1215 935 pro·

61 954 198 1021 sianum
225 972 292 1021 esse
319 955 560 1024 contendimus?
593 956 674 1039 quod
702 976 759 1039 per
781 956 992 1023 ministerium
1013 955 1159 1022 iussionis
1180 957 1214 1023 et

85 1076 199 1125 uranus
223 1058 342 1125 alienae
363 1060 534 1126 incestaret
555 1064 716 1142 aspectum
739 1060 891 1143 nostrum,
918 1062 1024 1125 nostro
1046 1059 1215 1145 peragetur

85 1162 241 1245 imperio?
262 1162 358 1227 nolite
381 1162 462 1227 hanc
478 1161 518 1227 ad
543 1162 701 1231 uniuersas
724 1162 871 1229 ecclesiae
894 1166 1034 1228 mentem
1052 1161 1212 1245 rapacium

85 1265 235 1349 luporum
262 1269 401 1331 moreat
428 1270 541 1335 nature
569 1284 708 1343 seruare,
737 1268 814 1352 quia
839 1268 1004 1353 postquam
1026 1284 1082 1334 noe
1104 1282 1215 1333 mecu-

86 1368 186 1435 lassot
206 1369 286 1435 forte
308 1386 363 1453 pro
385 1369 547 1436 desideriis
571 1370 684 1437 uostris
712 1372 842 1437 eruenta
869 1371 1036 1447 discussio,
1065 1369 1214 1435 effectum

47 1470 120 1535 min
144 1470 203 1548 his,
226 1488 285 1554 quo
308 1472 446 1551 tenditis,
470 1490 530 1539 nou
553 1473 691 1541 haberet.
722 1476 776 1539 sed
798 1474 922 1541 dicento
947 1474 1036 1540 uohie
1061 1472 1213 1556 prophete

85 1590 278 1655 ponamus
309 1576 503 1643 circulum
534 1576 574 1641 in
603 1576 768 1643 neribus
797 1577 948 1643 uestris
987 1580 1025 1643 ot
1062 1575 1214 1641 frenum

85 1678 126 1745 in
156 1677 294 1759 labiis,
326 1681 363 1743 et
392 1680 628 1745 reducamus
657 1699 723 1745 uos
754 1682 795 1748 in
823 1680 887 1746 uie
916 1697 992 1763 que
1016 1679 1212 1757 nemetis,

86 1780 144 1864 qui
165 1780 274 1847 eodem
296 1782 448 1865 prophete
470 1782 632 1849 adserente
653 1784 877 1869 inpugnemini
901 1784 956 1866 qni
978 1784 1070 1850 dicit:
1094 1789 1213 1851 erunt

87 1886 200 1967 quasi
221 1904 294 1953 non
317 1886 411 1966 sint,
442 1890 480 1952 et
502 1887 692 1970 peribunt
715 1889 810 1970 uiri,
842 1889 909 1971 qui
932 1887 1214 1955 contradicunt

48 1988 210 2054 rcuohie.

131 2093 202 2157 Hoc
234 2093 331 2159 etiam
365 2112 445 2161 nouo
474 2095 623 2161 aduersus
651 2112 708 2159 nos
730 2095 915 2163 subdidistis
937 2095 1084 2173 inuento,
1105 2094 1210 2177 ipeum

85 2196 247 2263 dominum
270 2199 303 2261 et
324 2196 550 2279 redemptorem
580 2202 723 2265 nostrum
752 2216 914 2265 seruorum
942 2199 1061 2265 subisse
1095 2198 1214 2263 iudicia

84 2301 119 2364 et
140 2298 219 2365 caeli
241 2302 435 2383 operatorem
458 2300 631 2382 particulae
652 2302 778 2367 cuidem
799 2306 910 2385 sponte
932 2302 1126 2368 euhiecuisse
1148 2304 1213 2367 ter·

84 2420 194 2478 renee,
225 2403 301 2469 durn
332 2406 467 2468 testatur
496 2408 527 2469 et
558 2402 709 2486 loquitur:
740 2404 852 2469 homo
875 2404 974 2471 Iuda
1001 2408 1040 2469 et
1061 2404 1128 2488 qui
1150 2404 1214 2469 ha·

47 2504 197 2572 aohites
213 2505 442 2581 Ierusalem.
460 2506 636 2573 iudicate
657 2508 763 2572 inter
781 2526 836 2571 me
853 2512 891 2571 et
906 2508 1062 2574 uineem
1081 2523 1211 2572 meam.

84 2608 146 2675 hoc
169 2610 266 2675 etiam
289 2608 416 2675 beatum
437 2610 584 2687 Petrum,
615 2610 673 2675 hoc
694 2610 831 2675 Paulum
854 2609 1030 2692 apostolum
1052 2628 1115 2675 non
1137 2610 1211 2675 hor·

83 2710 188 2778 ruisse
211 2711 346 2777 narratis
368 2716 402 2777 et
423 2712 513 2779 illem
536 2714 671 2779 cosham
692 2712 885 2796 elegantiam
908 2715 947 2777 ud
961 2712 1010 2777 ius
1032 2712 1213 2795 pertrahitis

84 2813 299 2897 exemplorum
328 2814 456 2881 nexibus
478 2818 731 2899 praecedentem,
762 2817 852 2899 quusi
876 2815 964 2883 uobis
986 2815 1021 2879 in
1041 2814 1101 2879 hac
1122 2816 1211 2897 parte

83 2918 270 2985 remanserit
292 2936 364 2983 cum
386 2918 540 2985 renitente
564 2921 718 2985 contentio
735 2924 766 2984 et
780 2919 898 2987 ualidis
912 2916 1073 2985 facundiae
1088 2917 1210 2983 uestrae

190 3088 320 3230 ΒΕρὶὲθει.
338 3088 398 3229 6⁹39
493 3090 525 3144 ll
543 3088 587 3143 Ee.
605 3088 647 3155 31,
666 3088 709 3143 29.
726 3089 767 3144 1v
785 3088 850 3159 Reg.
871 3088 910 3153 19,
929 3089 964 3143 28
1058 3088 1091 3143 1³
1108 3086 1152 3144 ae.
1170 3088 1212 3153 41,

86 3178 117 3231 ll
217 3176 250 3229 19
305 3176 380 3239 .5,·

142 3313 340 3382 ldiepicemue
365 3314 392 3367 Β
494 3312 666 3371 tucher
766 3314 896 3369 socientee
913 3315 1079 3385 prophanum
1097 3312 1212 3367 alterum

89 3399 264 3464 iliaciente
280 3400 365 3454 altero
383 3399 524 3470 proienum
544 3414 558 3455 c
576 3402 608 3454 iet
625 3416 675 3471 mp.
773 3400 884 3455 deeset
905 3400 940 3455 V¹
1037 3398 1214 3452 hincertaret

85 3484 172 3539 LPT
270 3485 419 3556 aspectum]
438 3492 502 3540 nrm
519 3486 583 3541 odd.
601 3486 629 3542 Β
646 3492 718 3542 recte
735 3485 803 3553 fort.
903 3489 997 3540 nostra
1013 3486 1040 3539 A
1138 3497 1214 3553 pera·

85 3572 187 3641 gantur
203 3570 231 3625 Β
334 3570 411 3641 tad]
430 3572 558 3626 aduersus
576 3571 604 3625 Β
708 3571 817 3627 eclesiae
835 3572 864 3625 Β
964 3571 1100 3639 rapacium
1118 3570 1147 3625 Β

85 3658 236 3727 Seeruare]
256 3672 420 3727 separarem
522 3672 571 3713 noe
594 3673 645 3713 om.
662 3656 691 3714 Β
793 3657 980 3729 9proipR
1082 3655 1214 3711 conuenta

85 3760 114 3799 m
217 3742 350 3797 dmcuemo
377 3742 412 3799 Τι
514 3743 548 3798 10
571 3743 688 3799 tendites
711 3742 751 3799 B¹
853 3744 957 3814 profete
980 3742 1033 3797 BL
1136 3741 1168 3796 12
1185 3742 1215 3797 in

85 3830 162 3883 niem
179 3826 349 3893 Acidim..
375 3828 526 3884 aduienrh
618 3828 651 3884 13
668 3828 774 3899 profete
792 3828 880 3883 BLV
961 3826 1147 3884 udeerenteL

88 3917 122 3972 16
144 3929 213 3971 nouo
234 3914 307 3970 Tiro
322 3928 378 3979 rue.
395 3920 466 3971 Μ
566 3917 682 3971 incentu·
706 3916 734 3970 Β
837 3914 871 3970 18
895 3919 1033 3985 operatore
1055 3916 1112 3983 (ore
1129 3916 1211 3983 corr.)

86 4002 115 4057 L
208 4003 345 4056 terraenae
362 4001 403 4068 Β,
431 4002 601 4058 terraeneL
701 4000 1005 4066 19hoiroocorr.d',
1031 4000 1147 4057 oRhm

86 4086 222 4145 habitatis
248 4088 324 4146 Aac
425 4088 460 4143 20
485 4088 646 4145 hierusalem
672 4089 813 4145 maara
914 4087 948 4142 21
974 4087 1097 4143 hutrum
1119 4086 1146 4141 L

86 4176 208 4273 onuiasg
229 4174 257 4229 L
370 4174 404 4229 22
430 4174 479 4229 illa
506 4178 597 4231 uestm
622 4176 754 4247 eligantia
778 4175 806 4230 Β
920 4173 1091 4244 pertrahetur
1119 4174 1147 4229 Β

86 4280 123 4334 24
140 4279 211 4333 uelis
233 4279 260 4334 V
