2992 4967
302 373 456 423 xxxxmr

301 542 466 624 monitio),
500 539 638 618 221411
668 558 748 621 quac
777 556 832 621 pro
861 538 940 620 quoi
968 540 1049 621 quod
1079 541 1128 604 est
1157 542 1188 606 in
1212 539 1249 620 Β,
1280 541 1360 606 dum
1384 541 1443 605 441

302 646 416 730 reliqui
437 643 586 710 exhibent
610 645 703 726 (pauc
724 644 808 708 enim
829 642 937 725 paullo
967 641 1128 708 obscurius
1149 644 1190 708 od
1218 662 1306 727 spem
1329 642 1440 709 refer·

301 749 384 835 tur),
417 747 556 827 475,11
587 764 668 827 quoa
698 764 753 829 pro
782 744 866 827 qood
897 746 992 827 (qaae
1021 746 1060 811 ad
1090 745 1438 830 444444444411441),

301 847 798 932 411441444444444,
827 848 901 926 421,
927 851 942 912 l
967 866 1029 929 quc
1048 866 1104 932 pro
1126 848 1208 930 quod
1231 851 1318 935 (nam
1340 852 1440 915 unico

300 954 490 1022 sacramenti
512 952 626 1018 solacio
649 970 747 1035 aquae
770 950 895 1016 diluunt
916 952 1045 1033 peccata
1066 950 1222 1036 telluris),
1252 949 1278 1018 (1
1299 951 1333 1017 II
1357 953 1438 1029 131,

300 1059 402 1139 3444
422 1075 479 1141 pro
500 1054 596 1139 qood,
630 1054 703 1132 448,
727 1054 770 1120 23
799 1072 990 1135 quocumque
1018 1071 1073 1138 pro
1103 1054 1332 1141 4444444444,
1368 1058 1437 1123 nisi

301 1162 370 1245 quis
392 1162 466 1238 4411,
493 1164 508 1225 1
532 1156 615 1241 qaod
636 1175 692 1241 pro
714 1175 792 1238 quos
813 1156 1007 1239 praetulerit,
1036 1158 1111 1238 451,
1135 1156 1155 1221 8
1176 1161 1328 1239 pectant
1349 1180 1438 1241 qaue

299 1282 355 1349 pro
377 1267 468 1345 qaod,
491 1260 515 1328 O
537 1261 554 1326 I
579 1263 605 1339 1,
629 1260 672 1325 32
694 1277 771 1341 quos
792 1278 847 1342 pro
868 1259 952 1341 qood
976 1260 1177 1345 (labprmthei
1194 1281 1330 1328 recessus
1353 1270 1436 1331 4441

301 1386 376 1451 quos
406 1367 460 1451 qui
491 1366 661 1449 descriptos
689 1365 833 1446 relegant
855 1365 1022 1445 metuont),
1052 1363 1115 1429 01
1139 1364 1190 1451 13,
1212 1366 1255 1433 25
1275 1370 1352 1448 quot
1375 1386 1436 1451 pro

299 1470 383 1553 quod
403 1468 574 1555 (praecedit
595 1472 637 1532 tot
658 1467 757 1549 ciis),
792 1468 864 1549 158,
887 1468 910 1531 5
930 1486 1029 1548 quom
1049 1485 1105 1548 pro
1126 1470 1220 1549 quic,
1253 1469 1277 1535 G
1299 1469 1332 1535 11
1354 1468 1389 1547 8,
1412 1471 1435 1536 6

298 1594 371 1640 4444
391 1592 447 1657 pro
469 1592 574 1654 pacm.

260 1722 284 1755 e
341 1694 443 1759 Maior
477 1692 573 1758 etiam
606 1691 745 1757 locorum
775 1708 924 1755 numerus
955 1689 1085 1754 relictus
1107 1694 1166 1774 441,
1199 1693 1254 1758 ubi
1276 1694 1434 1761 44411444

160 1792 200 1891 2²⁶⁸
215 1792 281 1892 ¹²⁶2,
299 1798 399 1863 iorma
420 1795 643 1862 uocabulorum
666 1792 950 1871 terminationibus,
974 1812 1052 1877 quae
1067 1792 1257 1876 compendiis
1279 1799 1435 1879 utsupra

161 1928 197 1959 au
259 1948 265 1959 .
299 1900 437 1965 uidimus
460 1897 621 1964 obscurius
644 1896 839 1980 significatae
859 1900 958 1977 erant,
985 1896 1067 1961 falso
1089 1898 1258 1962 intellectis
1282 1907 1433 1985 corrupta

299 2004 355 2069 441.
379 2004 433 2068 444
456 2020 493 2067 44
516 2004 617 2068 totum
641 2002 698 2067 hoo
721 2004 843 2066 errandi
865 2018 972 2084 genus,
996 2003 1078 2086 quod
1099 2003 1132 2068 in
1156 2003 1289 2069 linnodii
1310 2004 1431 2070 codici·

298 2109 356 2174 bus
372 2105 525 2171 latissime
540 2106 638 2187 patet,
655 2124 691 2169 er
704 2122 766 2169 una
783 2107 951 2188 eademque
963 2122 1055 2170 44444
1069 2108 1236 2187 repetatur,
1252 2108 1432 2173 cauendum

298 2212 354 2276 est.
394 2210 498 2290 itaque
533 2226 603 2273 cum
637 2208 761 2272 uocales
784 2208 898 2285 ceti,
921 2226 938 2271 o
962 2210 1093 2273 41414
1122 2207 1235 2273 mediis
1265 2210 1430 2275 uocabulis

297 2312 480 2397 saepissime
507 2313 739 2394 permutentur,
770 2309 904 2394 syllabus
926 2328 959 2374 os
980 2316 1087 2387 4144,
1115 2311 1252 2375 444114
1274 2311 1372 2377 etiam
1397 2316 1428 2379 in

297 2418 382 2481 exitu
415 2416 580 2480 uerborum
612 2413 864 2498 pronuntiatione
899 2412 1055 2478 uocalium
1082 2412 1250 2479 indiscreta
1278 2414 1427 2480 confundi

297 2520 435 2601 potuisse
458 2518 559 2598 magis
581 2516 742 2599 probabile
764 2516 906 2581 uidetur:
930 2519 1023 2597 atque
1049 2516 1193 2599 exempla
1214 2517 1281 2583 eius
1303 2520 1427 2601 generis

298 2642 332 2689 er
355 2622 412 2687 hoo
434 2620 532 2703 capite
561 2621 748 2686 secludenda
778 2638 844 2685 esse
871 2620 991 2703 putaui.
1030 2618 1085 2683 4111
1117 2619 1268 2685 eiusmodi
1297 2638 1427 2703 errores,

297 2724 350 2809 qui
372 2742 428 2807 per
450 2726 588 2789 omnium
612 2725 800 2806 scriptorum
817 2723 1000 2787 Latinorum
1020 2724 1141 2788 codices
1163 2724 1427 2807 perurgebunt,

296 2830 403 2895 littera
425 2848 457 2891 m
479 2829 511 2892 14
540 2827 600 2892 444
629 2846 742 2893 uocum
770 2825 878 2890 444114
908 2826 1089 2892 detractans
1119 2830 1174 2892 441
1195 2826 1326 2893 4441444
1350 2846 1428 2895 casn
1495 2856 1496 2907 ,

297 2949 409 3015 genere
440 2950 568 2996 numero
591 2932 629 2995 44
653 2930 770 2995 uicinas
793 2931 1034 2995 accommodatis
1055 2933 1209 3015 procreati
1235 2934 1319 3008 4441,
1350 2951 1427 3015 quos
1495 2908 1496 2999 1

297 3038 413 3118 tamen,
437 3054 475 3098 ne
498 3035 631 3098 materia
646 3033 740 3097 nimis
758 3032 968 3111 dispertietur,
993 3051 1065 3098 cum
1088 3033 1163 3113 illis,
1179 3033 1233 3117 qui
1248 3035 1315 3099 sine
1330 3036 1427 3100 dubio

297 3138 330 3201 in
355 3137 545 3218 compendiis
567 3134 662 3217 positi
685 3138 769 3211 4441,
792 3135 850 3200 hoc
865 3136 969 3217 capite
985 3153 1047 3200 444
1068 3139 1206 3202 tractare
1228 3136 1342 3219 placet,
1366 3157 1428 3222 qno

297 3239 532 3305 terminationes
556 3243 719 3319 corruptas
743 3238 894 3321 congessi.
928 3243 1002 3304 4441
1024 3257 1098 3304 uoro
1119 3240 1205 3323 haec,
1234 3257 1367 3322 quorum
1389 3242 1428 3307 de

298 3343 455 3409 nonnullis
490 3340 717 3406 confirmandae
751 3341 977 3407 emendationis
1012 3342 1063 3407 nel
1095 3344 1191 3407 etiam
1219 3343 1427 3410 dubitationis

296 3445 496 3529 proferendae
519 3460 610 3508 causa
631 3442 723 3525 pluro
745 3443 857 3525 dicam,
880 3443 935 3509 ubi
959 3464 1008 3511 me
1029 3448 1102 3512 ordo
1128 3445 1168 3511 44
1194 3464 1230 3511 aa
1246 3444 1426 3513 deduxerit:

299 3547 349 3633 15,
362 3550 381 3614 8
397 3564 529 3629 quorum
543 3546 761 3628 (perscore).
775 3595 783 3613 .
797 3548 1038 3635 .4414444<44>.
1055 3550 1095 3616 41
1108 3568 1202 3633 supra
1213 3551 1425 3632 4441111111.

296 3690 339 3701 -
364 3650 413 3730 18,
441 3652 478 3715 15
505 3650 667 3714 Actaeam
698 3649 819 3732 fabcbc
851 3653 969 3730 senior,
1002 3672 1042 3717 44
1073 3653 1171 3718 elisae
1202 3653 1426 3742 4144441144),

297 3755 410 3819 matris
432 3754 600 3835 solacium,
617 3758 788 3836 postquem
809 3758 910 3837 coepit
931 3775 997 3821 444
1017 3756 1134 3835 cedma,
1158 3756 1426 3839 4444444441-

299 3858 381 3923 disse
405 3856 582 3941 (41311.
608 3857 640 3922 11
662 3858 726 3924 238
741 3861 802 3941 sq.)
827 3859 879 3924 nir
901 3863 999 3935 recto;
1033 3859 1133 3924 oratio
1161 3861 1244 3925 enim
1273 3860 1425 3925 membris

296 3974 374 4043 quae
408 3963 473 4027 arte
507 3962 673 4027 cohaerent
707 3962 872 4027 disiunctis
906 3963 1064 4029 obscurior
1096 3962 1180 4029 lacta
1208 3982 1258 4029 me
1291 3962 1425 4032 fefellit:

296 4082 406 4147 nempe
435 4066 551 4147 pudore
574 4066 713 4131 Antaeus
743 4066 851 4130 cadere
873 4083 933 4130 non
963 4065 1116 4148 coepisse,
1147 4086 1184 4132 44
1206 4067 1302 4132 411444
1325 4070 1426 4134 uictor

297 4168 450 4246 euaderet,
482 4172 638 4233 narratur.
677 4168 790 4233 iniuria
819 4168 914 4234 etiam
943 4169 1017 4248 440,
1048 4169 1068 4234 3
1098 4188 1135 4233 er
1157 4170 1308 4235 codiceB
1338 4171 1426 4235 uoci·

294 4269 420 4353 144144
448 4271 559 4354 recepi.
598 4270 710 4355 exigua
731 4270 816 4335 enim
847 4272 880 4336 in
908 4270 957 4336 his
979 4272 1071 4337 rebus
1094 4271 1161 4338 cius
1183 4278 1232 4337 441
1252 4274 1425 4338 auctoritas
