2992 4967
384 384 501 458 Opust.
520 388 572 444 111.
593 388 672 443 Vita
689 386 720 442 B.
738 387 918 458 Epiphani
1150 389 1213 457 379

78 578 115 642 et
141 574 197 642 ille
225 576 489 645 eminentissimus
517 596 584 659 rer,
614 578 667 661 qui
696 580 728 644 te
750 578 855 645 uidere
879 578 1052 645 ambienter
1074 577 1213 661 optebat

77 678 255 763 exposuisti
277 680 479 747 necessitates
501 682 625 747 nestas
647 682 785 747 aduentu
807 684 872 763 tuo,
894 682 1062 764 antequam
1085 681 1211 762 diceres,

77 787 112 848 et
131 780 240 867 quales
254 784 358 849 tecum
373 782 586 849 habitantium
601 784 748 851 lacrimae
763 787 797 850 te
813 785 1019 867 conpulerint,
1042 782 1212 850 docueruut

76 887 231 969 superata
256 884 444 952 discrimine.

53 1046 67 1087 s
126 1024 189 1090 Ast
210 1023 266 1089 ubi
289 1023 329 1089 ad
351 1024 524 1107 principem
547 1029 653 1089 temen
675 1025 833 1109 ingressus
854 1026 912 1105 cst,
934 1024 981 1089 ita
995 1024 1080 1109 loqui
1095 1025 1211 1109 coepit:

78 1125 207 1205 “solite
230 1146 282 1192 rex
299 1126 494 1205 uenerabilis,
518 1126 634 1192 mentis
649 1126 879 1211 tranquillitate
895 1127 1084 1194 famulorum
1105 1144 1211 1211 preces

75 1226 240 1311 intellege.
264 1230 296 1293 et
317 1248 367 1295 me
390 1230 430 1295 ad
453 1228 639 1313 postulanda
661 1229 834 1295 neccssaria
856 1233 888 1295 et
910 1248 965 1295 uos
982 1230 1022 1297 ad
1044 1228 1212 1295 tribuenda

75 1348 158 1395 usus
187 1329 345 1397 informet.
383 1330 433 1398 lex
463 1334 602 1414 tuaest,
627 1333 736 1398 ductor
758 1332 892 1415 inuicte,
914 1332 1056 1399 misereri
1078 1332 1210 1417 iugiter:

76 1436 115 1497 tu
140 1452 263 1518 semper
297 1434 426 1501 nutristi
459 1454 548 1519 spem
580 1436 836 1501 intercessionum
866 1436 1099 1519 inposterum,
1136 1434 1212 1500 dum

41 1562 66 1601 10
75 1536 298 1617 praesentibus
322 1556 383 1601 nou
405 1538 541 1605 resistis:
565 1536 650 1604 uiam
674 1538 896 1624 supplicationi
918 1540 1041 1604 nostras
1064 1535 1212 1620 patefecit

78 1642 120 1705 ud
145 1640 268 1723 reliqua
291 1658 411 1723 semper
433 1641 515 1726 apud
529 1659 585 1707 uos
600 1641 742 1707 beneficii
758 1640 834 1707 fides
849 1642 1018 1724 impetrati.
1045 1640 1211 1727 Liguribus

76 1742 147 1809 tuis
175 1743 291 1827 largire
319 1744 401 1827 qnod
429 1744 585 1829 proferas,
619 1745 722 1810 tribue
744 1748 825 1829 quod
853 1764 1000 1829 reponas:
1034 1744 1211 1811 futurorum

77 1846 231 1929 quaestus
259 1848 308 1911 est
336 1848 519 1933 temporalis
548 1848 758 1933 indulgentia.
797 1847 871 1913 boni
900 1848 1050 1932 principis
1072 1864 1140 1912 mos
1163 1848 1211 1912 est

78 1967 153 2013 cum
177 1948 349 2015 uirtutibus
366 1970 470 2018 amare
485 1950 603 2018 famam
619 1954 650 2016 et
666 1969 797 2035 reguum
814 1953 859 2016 ita
874 1950 1027 2027 ordinare,
1050 1950 1211 2033 tamquam

44 2078 70 2118 11
78 2051 119 2117 ad
149 2051 258 2134 stirpis
288 2072 361 2119 suae
391 2054 528 2139 posteros
557 2053 776 2121 transiturum.
813 2057 960 2120 nutantes
989 2054 1108 2119 domini
1134 2052 1211 2119 haec

79 2258 260 2323 dimittunt.
297 2259 342 2325 sic
363 2260 456 2326 terris
478 2260 598 2325 semina
620 2279 717 2345 parua
740 2262 976 2341 committimus,
1000 2261 1036 2325 ut
1058 2258 1211 2342 multipli-

79 2362 155 2427 cate
181 2364 356 2443 cupiamus:
389 2362 477 2428 lenus
500 2362 566 2428 sine
595 2363 724 2429 crimine
747 2364 785 2429 tit
807 2362 1018 2449 triplicatum:
1052 2361 1210 2429 11111111-

80 2464 235 2546 peratoris
259 2466 307 2531 cst
329 2466 514 2550 possessoris
532 2464 700 2549 opulentia.
725 2465 856 2530 concede
879 2464 1113 2531 immunitatem
1136 2464 1210 2549 1111

44 2566 253 2650 inpraesentis
276 2566 429 2651 Liguriae,
454 2570 507 2651 qui
530 2585 581 2634 scs
599 2566 638 2634 ab
661 2568 805 2647 crimnis,
829 2568 883 2651 qui
906 2568 1092 2652 supplicant,
1116 2566 1208 2633 redu·

78 2669 167 2736 nisti.
205 2689 298 2754 quum
321 2672 445 2737 uberem
468 2674 662 2757 praesentem
687 2671 887 2737 natiuitatem
909 2669 1122 2749 habuerimus,
1145 2668 1210 2734 cis·

79 2772 202 2839 mentia
229 2775 334 2841 uestra
360 2773 521 2841 adstantes
549 2774 728 2861 interroget.
767 2796 858 2843 nemo
887 2773 934 2840 illi
963 2773 1128 2851 mentitur,
1159 2769 1210 2836 cui

80 2877 225 2943 seruiunt
240 2878 292 2960 qui
309 2877 521 2943 conuiucent’'.
541 2876 580 2943 ed
595 2878 671 2943 haec
685 2878 844 2962 princeps:
862 2878 955 2945 “licet
966 2894 1022 2942 nos
1035 2873 1209 2941 inmanium

81 2998 289 3063 expensarum
310 2980 429 3065 pondus
451 2980 586 3047 inlicitet
608 2983 640 3047 st
661 2998 716 3066 pro
739 2980 879 3067 ipsorum
894 2980 999 3065 quiete
1022 2978 1136 3063 legatis
1158 2977 1208 3042 iu·

46 3082 261 3149 sedesiuentcr
289 3102 420 3149 munera
448 3084 634 3168 largiamur,
665 3090 769 3150 tumen
799 3084 848 3151 nis
876 3085 1058 3150 meritorum
1083 3084 1209 3148 tuorum

81 3185 272 3251 tractatibus
294 3188 410 3252 uostris
439 3192 617 3253 reuerenter
640 3189 821 3254 interuenit.
858 3206 934 3273 opus
956 3188 1007 3253 est
1026 3185 1095 3251 lieri
1122 3184 1209 3267 quic·

81 3286 157 3370 quid
181 3286 366 3355 iniunxeris:
389 3291 479 3355 iuuat
502 3308 593 3356 omne
609 3294 689 3372 quod
710 3289 873 3373 praecipis.
901 3289 1104 3355 aestimemus
1124 3286 1209 3351 euim

82 3391 263 3475 conpendiis
291 3392 405 3458 uostris
428 3392 508 3459 adici
532 3392 622 3471 illud,
645 3396 725 3475 quod
749 3391 814 3474 ipse
836 3392 1035 3475 decerpseris.
1074 3389 1152 3455 nihil
1173 3392 1210 3453 tu

136 3678 340 3735 lambicientcr
358 3679 385 3733 L
487 3678 718 3735 iadaduentuT
816 3679 953 3735 sunem
972 3680 995 3743 (t
1013 3682 1094 3742 erac.)
1114 3676 1142 3732 L
1175 3672 1178 3681 '

83 3788 163 3839 b'rex
180 3782 208 3838 Β
224 3783 280 3838 at
385 3786 402 3838 9
429 3754 626 3839 intercessionis
653 3782 736 3839 sirm.
841 3780 875 3836 10
900 3779 1009 3835 mistos
1036 3778 1077 3845 Β,
1107 3777 1210 3834 mittit

85 3890 111 3945 Y
113 3892 120 3919 ¹
225 3887 395 3957 suplicaticni
421 3886 449 3943 L
552 3888 584 3943 13
611 3890 721 3957 questus
750 3884 808 3941 LV
909 3884 943 3939 15
968 3884 1090 3938 nutantis
1114 3882 1143 3938 Β

84 3992 117 4046 16
134 3990 255 4059 diligunt
275 3990 301 4044 T
316 3988 381 4045 cdd.
399 4006 471 4047 cerr.
488 3991 520 4045 in
537 4007 587 4062 mp.
693 3988 723 4043 17
742 3987 944 4042 committamus
962 3985 998 4040 P
1099 3986 1132 4041 18
1150 3969 1209 4041 bon'

83 4095 110 4149 Β
205 4095 239 4151 20
256 4096 290 4149 ab
308 4110 359 4151 ona.
376 4094 459 4151 Siren.
548 4093 728 4165 suplicnutT
820 4090 855 4147 24
872 4090 994 4145 inlecitet
1008 4091 1050 4157 B,
1075 4090 1212 4161 inplicitet

82 4202 149 4268 sort.
240 4199 503 4255 idicreuercnterT
591 4199 624 4255 st
637 4196 798 4253 iniuuereria
810 4193 867 4249 ΒΤ
956 4194 1075 4262 presepia
1091 4193 1127 4260 Β,
1154 4208 1210 4261 pre-

84 4320 150 4391 epu
168 4318 251 4375 111
347 4315 469 4372 1111111
487 4330 537 4371 om.
556 4316 637 4372 sam
719 4280 877 4385 “etpost
898 4312 924 4369 1
