2992 4967
264 317 308 384 40
620 317 731 384 Magni
749 317 878 370 Felicis
893 316 1023 370 Enuodi

265 511 351 572 retur
365 507 526 572 acciderat.
550 513 585 572 tu
600 511 625 572 si
640 507 705 572 eius
720 507 893 572 aemulator
907 525 967 572 nou
982 506 1158 588 prorumpis
1172 506 1206 569 in
1222 505 1399 589 gaudium,

267 611 349 674 eerte
365 611 505 693 tempora
519 611 575 676 sub
591 611 694 693 aliqua
707 611 857 693 praedicti
872 610 1046 675 imitatione
1068 609 1268 675 maestitiam.
1291 611 1400 692 repli-

267 710 351 776 oabis
374 713 503 779 forsitan
525 715 577 778 uix
598 716 658 778 ista
678 716 780 796 aegris
809 715 913 778 auimo
934 731 1022 794 posse
1042 713 1166 778 suaderi
1187 716 1219 777 et
1241 713 1276 776 in
1297 712 1400 794 gram

269 812 468 880 tribulatione
490 819 591 882 locum
616 837 676 883 uon
698 819 811 884 babere
833 818 972 891 tonsilia,
995 817 1138 881 orbatum
1159 834 1220 881 non
1235 816 1399 897 respieere

268 919 411 1001 quioquid
433 920 576 986 hortatur
599 923 639 986 ad
661 921 771 1000 uitam,
799 922 927 986 unieum
949 920 1104 985 desolatos
1125 919 1238 984 babere
1260 920 1294 982 in
1314 936 1399 983 euo-
1422 939 1436 978 e

269 1021 365 1086 canda
386 1027 485 1088 morte
509 1025 691 1090 subsidium.
715 1024 765 1090 bis
786 1027 890 1102 addas,
912 1025 992 1105 quod
1007 1022 1091 1105 frugi
1105 1022 1243 1088 sobolem
1264 1026 1399 1103 atquae

268 1128 406 1192 teneram
428 1132 563 1194 aetatem
583 1131 721 1194 uinceret
742 1147 864 1193 morum
879 1129 1033 1192 modestia
1054 1125 1227 1208 perdidisti,
1250 1124 1400 1207 allegans

268 1229 410 1294 iuuenem
443 1233 532 1296 tuum
566 1232 738 1297 inmaturos
773 1249 886 1306 anuos,
918 1230 972 1311 qui
1004 1232 1140 1312 paeoniis
1173 1227 1268 1294 amiei
1304 1229 1397 1309 sunt,

268 1331 400 1413 glorioso
427 1333 487 1399 fine
509 1336 655 1400 plausisse
679 1338 711 1400 et
733 1338 765 1399 in
787 1333 901 1399 aetatis
935 1332 1097 1412 naufragio
1120 1335 1159 1398 ab
1182 1351 1216 1396 eo
1238 1331 1277 1395 de
1298 1333 1397 1413 portu

269 1435 389 1499 animae
411 1435 503 1502 iuuisse
526 1440 703 1503 tractatum.
728 1437 840 1519 quibus
862 1455 918 1518 ego
941 1435 1082 1500 dolorum
1096 1437 1223 1500 tuorum
1243 1433 1434 1500 fomentisw

271 1537 344 1602 lieet
365 1542 503 1606 maestus
526 1559 695 1624 opponam:
730 1541 834 1606 minus
858 1541 1008 1622 peoeauit,
1031 1539 1112 1622 quod
1133 1539 1311 1603 inmaturus
1333 1536 1397 1602 ab·

268 1644 380 1723 ruptus
402 1647 465 1708 est:
503 1645 604 1709 iunxit
626 1647 665 1710 ad
686 1645 786 1709 uitam
808 1646 989 1726 perpetuam
1011 1643 1148 1708 melioris
1169 1640 1288 1706 saeculi
1310 1640 1396 1723 quod

268 1744 300 1807 in
323 1745 387 1810 ista
407 1748 561 1812 seruauit:
596 1748 796 1829 paenitentia,
830 1765 924 1828 quam
945 1766 1017 1811 eum
1040 1746 1139 1829 egisse
1159 1745 1303 1828 loqueris,
1333 1744 1396 1807 etsi

269 1846 390 1930 inipso
414 1867 473 1913 non
496 1849 666 1916 inuenisset
698 1852 780 1932 quod
813 1851 954 1927 dilueret,
978 1851 1141 1914 inuenerat
1154 1848 1237 1931 quod
1256 1849 1395 1928 ornaret,

270 1968 348 2030 quae
381 1953 522 2033 quotiens
555 1955 770 2020 innocentibus
804 1955 906 2031 datur,
939 1972 1082 2018 eoronam
1115 1969 1170 2034 pro
1203 1950 1429 2016 humilitatisu

273 2051 433 2118 affectione
455 2055 610 2122 conciliat.
634 2059 672 2122 ad
688 2058 764 2122 baeo
780 2060 976 2140 respondeas:
998 2076 1058 2138 quo
1073 2075 1123 2120 me
1137 2057 1268 2130 uertam,
1283 2054 1394 2126 frater,

271 2158 324 2237 qui
345 2162 467 2239 praeter
488 2160 632 2224 lacrimas
655 2161 687 2224 in
710 2161 864 2243 praesenti
886 2161 956 2225 luoe
978 2161 1024 2224 nil
1038 2160 1158 2226 babeo?
1181 2159 1325 2240 adiciam,
1341 2157 1393 2220 dei

272 2257 500 2339 proximitatem
537 2262 677 2328 inuenire
708 2282 797 2345 posse
819 2263 986 2342 bominem,
1011 2263 1064 2345 qui
1085 2261 1123 2327 de
1144 2262 1308 2326 bominum
1329 2277 1393 2324 non

271 2361 420 2428 laetatur:
443 2366 474 2428 iu
490 2365 556 2431 looo
571 2365 628 2431 filii
643 2367 804 2432 eueeedere
818 2384 907 2448 posse
922 2365 1154 2440 conscientiam,
1179 2381 1257 2445 quae
1268 2365 1391 2427 sanctos

271 2569 354 2634 uitae
375 2569 512 2636 melioris
533 2571 701 2650 ostendam,
725 2572 801 2636 lieet
822 2571 952 2636 tuanen
968 2573 1057 2654 egeat
1079 2571 1229 2635 monitore
1243 2568 1391 2651 perfectio

184 2749 189 2758 ,
273 2691 329 2738 neo
350 2674 500 2756 magistro
523 2693 599 2757 opus
613 2675 654 2740 sit
669 2675 708 2752 ei,
731 2693 823 2757 quem
845 2675 982 2739 fecerunt
1005 2676 1129 2738 aetuum
1145 2691 1269 2738 suorum
1285 2689 1390 2736 emen·

272 2773 411 2841 dationes
434 2778 464 2842 et
486 2777 722 2843 honestamenta
749 2777 959 2859 conspicuum,
992 2776 1054 2841 nisi
1076 2777 1201 2842 tautum
1222 2777 1259 2839 ut
1280 2775 1389 2840 adhor-

272 2878 407 2956 tationis,
425 2898 517 2962 quam
533 2881 660 2945 oonsilio
676 2884 730 2945 tuo
746 2883 779 2945 et
793 2880 978 2961 prudentiae
993 2882 1094 2959 debes,
1117 2879 1210 2944 tidem
1225 2877 1390 2960 diligenter

272 2981 422 3061 expendas
444 2985 476 3048 et
499 2987 536 3048 ad
559 2984 739 3049 caelestium
761 3001 924 3048 munemm
946 2983 1093 3048 effoetum
1115 2985 1147 3046 te
1160 2998 1295 3057 reuoees,
1309 2981 1421 3046 ordea

273 3083 385 3149 uitales
418 3104 509 3151 auras
536 3088 569 3150 et
589 3087 758 3169 aoeipimus
790 3088 822 3151 et
851 3104 991 3151 amamus
1024 3088 1056 3150 et
1085 3085 1211 3167 gratum
1243 3083 1333 3148 nobis
1354 3081 1388 3146 fit

273 3186 468 3272 beneficium,
492 3191 579 3254 ouius
602 3191 732 3255 colimus
756 3193 787 3254 et
808 3208 992 3255 ueneremur
1015 3189 1182 3252 auotorem.
1226 3185 1386 3264 istasunt,

325 3428 498 3482 laeeinorat
522 3429 548 3482 T
568 3429 600 3482 ira
617 3444 670 3482 ras.
690 3431 762 3484 Μ
864 3413 955 3499 Ttpa
974 3428 1000 3482 T
1012 3428 1045 3481 io
1061 3443 1117 3480 ros.
1135 3427 1208 3479 aad
1310 3425 1385 3494 repli-

273 3514 328 3568 eaei
353 3513 379 3567 ie
405 3512 433 3568 B
546 3513 729 3567 doonsilium
756 3513 796 3566 Β1
908 3511 1082 3582 5quidquid
1108 3512 1136 3565 B
1246 3509 1283 3578 in]
1309 3511 1336 3563 et
1360 3511 1384 3562 in

276 3637 301 3690 T
383 3638 484 3705 dquae
501 3635 643 3702 BLPTV,
671 3634 756 3702 quab
842 3633 1025 3703 TalligansB
1112 3633 1146 3686 10
1162 3597 1280 3685 eruebam
1298 3629 1325 3684 L

275 3721 558 3789 repudiantium
658 3725 685 3774 et
702 3721 736 3790 si]
755 3720 779 3774 ei
796 3721 855 3786 Pb,
881 3722 962 3775 etiam
981 3720 1005 3774 ei
1023 3719 1104 3774 Sirm-
1218 3718 1250 3772 16
1268 3715 1384 3770 eoneiliet

274 3805 328 3862 BT
428 3809 459 3861 17
477 3807 546 3861 nihil
565 3807 588 3872 b,
607 3824 655 3862 om.
675 3807 702 3861 L
805 3808 838 3861 18
854 3805 1006 3860 dehomine
1024 3805 1077 3860 Pb
1177 3803 1213 3857 20
1230 3819 1295 3872 ergo
1311 3818 1383 3856 uuam

278 3893 303 3948 T
395 3893 426 3945 21
446 3896 539 3962 aegest
557 3894 584 3947 Β
680 3894 714 3947 22
732 3894 922 3962 magistrorum
941 3891 968 3944 T
1055 3893 1159 3958 nobum
1176 3889 1204 3944 L
1297 3889 1331 3942 24
1346 3889 1383 3943 de

274 4030 316 4084 bis
342 4027 369 4083 Β
470 4029 504 4084 25
530 4003 619 4083 urruns}u
634 4030 771 4085 celestium
800 4029 825 4084 T
857 4044 936 4083 mune
958 4043 987 4082 oe
1008 4028 1042 4082 iss
1063 4043 1119 4082 rao.
1230 4029 1259 4080 te
1279 4027 1382 4082 metuet

275 4116 364 4172 Setot.
468 4114 565 4168 reuoois
589 4116 616 4169 Β
728 4116 763 4170 26
787 4114 879 4169 uitalis
902 4114 930 4167 Β
1030 4112 1063 4166 fit
1081 4111 1170 4178 BLV,
1197 4112 1235 4166 sit
1253 4111 1325 4166 PTb

275 4236 308 4290 27
327 4236 441 4290 colemus
460 4235 488 4289 Β
608 4237 722 4289 actorem
744 4237 769 4290 T
785 4241 811 4289 et
827 4235 867 4288 eie
883 4249 964 4302 saepe
1076 4205 1117 4286 i'ta
1134 4232 1162 4286 L
