2992 4967
249 346 321 417 5904
586 392 592 405 ,
611 341 727 411 magni
745 340 873 397 Felicis
890 340 1022 397 Enmcdi

249 531 363 605 laboro
386 532 420 597 st
438 530 541 614 pretio
560 531 787 610 auaissent,
810 530 911 598 edicio
927 548 1012 613 puae
1031 534 1190 596 secuntur.
1211 547 1277 595 uns
1293 529 1380 594 inter

255 634 339 718 boas
349 637 386 699 et
398 636 579 718 ingeneret
593 634 659 702 siue
674 634 747 703 liliis
763 635 811 700 cst
823 639 856 699 et
869 635 956 717 puio,
972 633 1100 717 quoddt
1111 634 1226 699 noctis
1237 634 1380 699 uicinum

251 736 435 823 desideriis,
471 755 527 802 neo
563 736 701 805 babebit.
740 736 904 803 miani!
930 736 1172 803 inebriationis
1200 735 1381 801 bonfinibue

253 838 388 907 tecumda
409 839 557 907 sterilitas
581 844 619 907 et
640 842 811 907 monimum
832 841 982 907 solacium
1004 840 1118 905 saeculi
1139 838 1295 905 cdiutmic
1316 854 1381 904 non

253 942 379 1011 bobane.
411 946 466 1011 sed
493 962 531 1009 ue
560 944 641 1011 fonte
669 945 791 1011 animus
813 943 917 1008 nester
940 943 972 1007 in
994 943 1213 1025 occupationes
1234 940 1417 1024 publicana

256 1045 366 1115 dabam
387 1045 425 1111 de
448 1047 641 1129 anagnostici
663 1045 842 1131 prolixitate
863 1045 1037 1126 fmtidium,
1076 1048 1220 1129 quamuis
1239 1046 1326 1111 bona
1346 1046 1381 1110 iu

256 1148 415 1231 principiis
435 1151 538 1219 locata
559 1166 614 1217 uos
632 1149 777 1215 animent
798 1151 831 1215 et
845 1148 1017 1232 quemlibet
1030 1166 1191 1213 rancorem
1213 1147 1379 1233 detergeat

256 1252 290 1315 in
312 1251 434 1316 exordio
455 1252 543 1317 iuxta
564 1254 733 1318 oratoriam
756 1251 956 1333 disciplinam
978 1251 1083 1316 locata
1103 1250 1250 1330 dulcedo,
1273 1252 1380 1317 tumen

256 1373 294 1419 ne
316 1353 469 1421 desideria
490 1358 594 1421 nestra
621 1354 775 1421 fabricata
795 1354 1047 1420 dissimulatione
1068 1355 1267 1435 suspendam,
1291 1354 1382 1419 nulla

257 1475 293 1520 ex
314 1456 379 1521 illis
403 1457 589 1522 documenta
603 1458 770 1539 promerui
787 1458 859 1539 quia
878 1457 1204 1525 commemorationem
1221 1456 1418 1523 mularumue

256 1557 405 1637 facerem,
440 1560 581 1643 episcopo
614 1560 727 1627 durum
760 1560 883 1625 uidetur
917 1561 950 1625 et
978 1559 1123 1643 quamuis
1144 1558 1257 1624 famuli
1279 1561 1381 1626 uentri

256 1660 364 1727 fratris
387 1662 498 1733 Gelani
520 1664 690 1731 institisset
718 1664 860 1730 efficacia
886 1668 919 1728 et
947 1664 1190 1745 supramodum
1214 1679 1269 1728 nos
1291 1682 1380 1747 pres·

257 1766 347 1830 sisset
367 1764 588 1848 inportunitas,
620 1765 701 1832 nihil
734 1766 892 1833 communi
927 1766 1049 1831 actione
1077 1766 1274 1849 proiecimus.
1319 1768 1380 1833 hoc

256 1870 381 1931 tantum
404 1870 514 1933 uolunt
535 1869 644 1948 inseri,
674 1868 784 1935 multis
807 1873 950 1934 sanctum
972 1873 1096 1955 patrem
1118 1873 1259 1937 uestrum
1282 1872 1380 1937 banc·

258 1968 337 2035 ficiis
360 1971 473 2037 uestris
497 1972 528 2036 st
551 1970 655 2057 gratia
682 1972 855 2037 inuitatum
883 1972 1020 2037 muueris
1044 1973 1132 2041 nobie
1161 1972 1417 2039 uicissitudinem

257 2072 459 2160 prospexisse:
481 2074 562 2157 quod
584 2091 682 2157 genus
704 2074 886 2140 documenti
908 2076 935 2139 si
949 2074 1065 2157 planet,
1088 2075 1154 2140 sine
1177 2076 1379 2144 cunctatione

257 2174 419 2243 rescribite
443 2177 499 2243 aut
520 2195 598 2262 quae
621 2178 686 2243 eius
702 2176 885 2243 formasses
909 2178 1023 2243 debeat
1045 2178 1199 2243 intimate.
1221 2197 1305 2245 nuuc
1321 2198 1380 2263 ego

258 2278 311 2344 illa
332 2278 524 2363 periclitatae
547 2280 697 2345 utilitatis
721 2281 753 2344 et
774 2282 806 2345 in
830 2280 985 2363 obsequiis
1002 2279 1115 2345 uestris
1131 2280 1220 2345 aunis
1235 2281 1380 2364 pluribus

257 2380 322 2447 iam
342 2381 502 2467 probatus,
537 2386 689 2466 quantum
722 2382 855 2465 egerim,
890 2384 972 2465 quod
1004 2382 1056 2447 uix
1079 2384 1159 2447 alter
1180 2402 1234 2467 per
1256 2384 1381 2453 infinita

258 2486 361 2551 camec
394 2486 508 2551 damna
542 2485 708 2561 narrasset,
742 2484 918 2569 pernicibus
956 2485 1041 2571 sum!
1052 2485 1221 2553 uerborum
1242 2486 1418 2553 saltibus»

256 2585 404 2655 elocutus.

791 2708 844 2773 VI.

642 2826 780 2883 rulando
800 2826 993 2882 nnnomvs

301 2930 399 2999 credo
422 2932 460 2997 ad
475 2932 629 2997 iusb'tiam
645 2932 807 3015 pertinere,
831 2938 867 2997 ut
884 2934 966 3014 quod
981 2931 1104 2998 euobis
1119 2937 1245 3013 expecto
1259 2934 1379 3015 primus

260 3032 428 3099 exhibeam.
467 3034 554 3099 dccet
575 3033 668 3112 enim,
691 3038 727 3099 ut
751 3035 804 3115 qni
826 3035 907 3099 bona
920 3054 1013 3118 opera
1034 3036 1241 3117 praestolatur
1259 3035 1418 3103 innitetur

310 3238 446 3307 lprasoio
464 3239 492 3293 Β
584 3237 687 3292 additio
708 3238 734 3292 T
825 3238 1313 3307 destotscn'pmstB,etLTVb

258 3327 321 3393 poto
340 3324 367 3378 Β
468 3322 568 3377 scantia
587 3316 626 3389 B,
656 3322 756 3377 cunctis
773 3322 813 3376 L*
829 3328 863 3377 aet
878 3320 994 3378 attimar
1095 3323 1266 3377 3cristianis
1283 3325 1311 3379 B

257 3411 275 3463 4
301 3410 433 3463 sterelitas
459 3409 482 3479 (r
504 3424 538 3463 cc
562 3409 571 3462 l
595 3410 675 3475 corr.)
699 3408 731 3475 V,
760 3406 921 3462 insterilites
948 3409 975 3463 L
1077 3409 1203 3463 solatium
1229 3409 1314 3464 ΒΝ

258 3494 340 3549 saculi
358 3492 386 3549 Β
480 3494 716 3563 dagnagnosticia
734 3491 845 3550 LPTV
936 3494 1105 3549 ‘lanimaent
1123 3494 1161 3549 Β1
1256 3494 1381 3565 deterget

259 3576 337 3635 Pro
445 3582 462 3635 8
487 3580 563 3635 iuxta
589 3582 659 3649 (tar
685 3580 703 3635 l.
721 3596 756 3634 m.
773 3583 806 3649 2)
825 3579 861 3647 Τ,
891 3582 937 3636 iux
963 3581 1020 3637 LV
1118 3598 1180 3637 man
1198 3598 1231 3636 ne
1248 3581 1381 3637 desideria

260 3716 349 3771 umtrs
366 3716 467 3771 fabrice
486 3716 557 3770 Via
574 3732 627 3771 roe.
640 3722 704 3773 ool
807 3720 841 3772 10
861 3690 1102 3775 ⁸{memorationem
1125 3719 1152 3772 Τ
1253 3722 1282 3774 11
1312 3718 1383 3775 iace·

258 3819 315 3858 ram
332 3804 397 3871 fort.
493 3803 527 3856 12
544 3802 661 3859 efficatia
677 3804 788 3859 BLTV
879 3806 941 3875 uos]
958 3807 1050 3860 nostra
1065 3805 1132 3872 fort.
1223 3804 1382 3874 pnessiaeet

257 3892 285 3945 Β
379 3890 412 3943 13
423 3888 536 3945 nihioL
622 3892 726 3947 accione
739 3888 767 3945 Β
851 3890 1043 3960 proficimusB
1140 3892 1173 3944 14
1183 3881 1315 3945 miserid‘

259 3976 291 4029 15
309 3976 426 4043 graciam
445 3976 489 4029 ΒΙ
567 3976 758 4031 uiccseitudine
772 3976 807 4042 Β,
833 3975 1075 4031 uicissitudinemb
1170 3977 1203 4031 18
1214 3977 1382 4045 periclitatae

258 4058 359 4126 (iclitut
371 4061 402 4115 ia
413 4061 526 4129 roe.)V‚
544 4058 732 4133 periclitateB
805 4061 955 4147 inutilitatis
970 4061 997 4115 V
1076 4062 1111 4118 20
1122 4062 1239 4131 dampna
1249 4062 1312 4119 ΡΒ

258 4150 289 4200 sd
306 4146 455 4215 pernicibus
474 4152 504 4199 su
526 4146 551 4200 T
583 4186 587 4195 .

308 4251 355 4307 VI.
385 4251 418 4307 24
436 4254 557 4321 exspecto
574 4252 632 4307 LV
731 4252 764 4305 25
782 4250 965 4319 praecludatur
983 4251 1011 4305 Β
