2992 4967
361 346 477 417 opusc.
496 346 542 403 VI.
565 347 740 403 Ambrosio
759 351 793 402 ei
809 348 924 403 Beato.
1141 341 1206 417 403

74 536 177 603 dioiei
207 553 281 602 uooe
312 540 434 603 condet
461 536 662 603 hortaminis:
699 553 815 623 argue
844 539 1081 623 sapientem,
1109 550 1208 606 amaa

76 639 140 705 bii
162 644 215 721 to,
238 643 274 706 oi
294 656 355 707 uon
376 641 507 707 reticeat
530 641 700 707 saecularia
722 644 911 709 adamn-

176 750 249 836 Qui
271 756 567 837 praeceptorem
589 753 718 820 sancti
742 754 903 820 uoluere
923 752 1106 839 parentis

222 854 317 921 lisso
341 854 435 922 loco.

49 966 147 1032 siure
169 965 253 1032 euim
275 968 307 1033 in
330 965 501 1034 allectionis
524 968 691 1053 supercilio
713 970 891 1036 conlocetur
914 987 1007 1052 quem
1029 969 1206 1053 benignitas

75 1069 252 1153 corrigendi
268 1070 443 1155 promptius
459 1072 577 1139 adserit
591 1091 689 1156 uuam
699 1074 769 1157 ipsa
783 1072 1049 1157 naiunageuarr'a.
1062 1072 1207 1156 genuisse

76 1173 198 1237 etenim
226 1172 368 1241 libidinis
394 1175 610 1275 testimoniium
638 1179 703 1255 eoi,
731 1176 869 1243 erudisss
897 1175 1036 1259 pietatis.
1073 1192 1147 1259 orgo
1168 1177 1206 1240 ed

75 1274 323 1358 disciplinanunc
352 1294 461 1343 aercern¹
489 1282 691 1363 properantes
722 1282 859 1347 matram
894 1278 1048 1345 benorum
1077 1296 1206 1361 eperum

76 1381 185 1443 amate
201 1377 438 1457 Verecundiam,
461 1399 544 1464 quae
562 1381 611 1449 iia
624 1402 668 1449 ar
690 1400 725 1449 so
746 1382 904 1449 uariarum
918 1380 1207 1465 opomeuncutum

38 1481 215 1549 rofecunda
242 1486 274 1548 et
302 1482 392 1567 uirgo
425 1485 573 1567 parturit,
608 1486 643 1551 ui
669 1485 858 1569 inpudentia
875 1502 987 1568 procax
1009 1489 1042 1551 et
1060 1485 1207 1566 corrupta

75 1583 240 1649 uitiorum.
271 1586 347 1653 haec
368 1605 423 1653 nos
445 1588 503 1653 hac
525 1605 611 1667 uoce,
635 1590 671 1653 ut
687 1591 726 1655 ad
742 1608 816 1655 sam
838 1587 985 1667 moeris,
1007 1587 1164 1655 horieim:

525 1740 765 1798 VERECVNDIA.

182 1846 329 1930 Tinguite
351 1847 517 1913 candentes
539 1866 626 1913 roseo
650 1846 687 1913 de
709 1846 828 1913 murice
851 1846 959 1912 uoltus

233 1949 338 2030 Atque
360 1948 455 2015 iidem
479 1966 602 2015 morum
624 1948 753 2032 pendite
775 1948 814 2015 de
835 1950 924 2016 fede.

39 2070 65 2111 ιι
183 2051 219 2116 ln
243 2050 334 2117 niueo
356 2070 506 2135 spargens
529 2052 678 2119 maculas
691 2053 735 2117 sis
757 2050 899 2134 pulcrior
916 2062 978 2131 ors,

234 2152 313 2219 Cum
335 2155 452 2221 sudans
475 2158 622 2221 antron
640 2156 762 2221 roscida
783 2151 865 2221 cellia
886 2155 983 2222 ieras,

182 2254 239 2321 iiii
261 2258 321 2323 tilii
344 2259 414 2339 plus
437 2258 547 2343 lingue
568 2257 811 2341 ennumquam
829 2257 989 2326 murnaco
1012 2258 1141 2325 ironiis.-

234 2359 388 2445 Quioquid
411 2378 516 2426 emere
538 2360 625 2441 libet,
648 2359 805 2426 hinotiii
826 2360 966 2427 matilia.

120 2474 219 2543 Nelea
247 2480 299 2544 est
324 2478 396 2545 huic
418 2481 484 2546 tem
513 2496 598 2546 sacro
627 2496 741 2546 manus
767 2493 886 2565 negare
909 2478 1054 2564 consilio,
1084 2475 1208 2565 quaudo

39 2586 111 2649 soet
125 2584 204 2667 ipae,
227 2602 306 2666 quae
322 2583 471 2668 loquitur,
495 2584 672 2665 quaestuosi
687 2582 807 2649 decoris
828 2582 901 2647 doce
923 2578 1072 2648 redimita
1093 2580 1208 2649 nobili·

77 2688 155 2751 tatis
178 2686 229 2751 nel
253 2687 426 2769 amplificet
449 2689 530 2753 bona
550 2686 604 2752 uel
626 2686 775 2770 suggerit.
814 2682 925 2767 pudori
947 2700 1020 2769 ergo
1044 2686 1208 2769 cognatam

77 2806 203 2874 semper
234 2790 349 2855 sociato
378 2789 584 2872 Pudicitiam,
621 2806 699 2872 quae
731 2788 844 2855 notatis
871 2786 1099 2873 praeiudicium
1130 2803 1208 2853 cana

79 2893 292 2958 moderatione
321 2898 514 2975 compereor,
547 2892 634 2957 eunis
663 2892 785 2958 feruore
806 2891 1004 2959 tumentibus
1025 2891 1208 2976 peregrinae

78 2994 181 3079 friges
211 2992 454 3078 dispensationis
479 2993 648 3061 admisceat
674 2998 706 3061 et
729 2996 866 3063 edomita
892 2994 1003 3061 erroris
1031 2996 1209 3078 adpetentia

41 3122 69 3163 eo
79 3113 203 3163 caruem
220 3114 329 3180 sapore
344 3100 470 3164 sauma
486 3099 728 3165 munerationis
744 3098 899 3178 inliciens,
915 3098 992 3163 recti
1009 3096 1209 3183 diligentiam

78 3200 250 3266 studiosam
278 3200 310 3265 iu
338 3200 427 3267 uobis
456 3200 556 3266 uideri
584 3200 696 3267 faciet·
716 3220 777 3266 nou
810 3205 959 3267 coactam.
997 3200 1078 3266 haec
1104 3204 1208 3267 temen

80 3302 200 3369 uentis
233 3302 438 3388 castigatione
472 3308 655 3386 procuretur
682 3322 738 3369 uec
768 3304 894 3370 inimice
922 3304 989 3369 eius
1020 3302 1208 3369 ferculorum

183 3488 382 3555 2Proia9,8
483 3488 871 3558 auspicataloaee

131 3659 149 3712 2
168 3662 196 3713 et
214 3642 319 3713 amabit
337 3658 391 3713 Po
490 3658 506 3713 6
524 3674 650 3729 generare
667 3659 694 3713 Β
791 3660 915 3727 genuisse
932 3675 983 3714 ora.
1001 3658 1029 3713 Β
1122 3658 1209 3712 lete

79 3746 137 3799 uim
157 3746 184 3799 et
202 3744 230 3799 Β
332 3742 349 3799 8
367 3747 554 3813 prosperantes
573 3740 600 3799 Β
705 3746 736 3799 11
756 3746 790 3799 ad
807 3744 874 3815 ιιιιι]
893 3743 1005 3799 audeam
1024 3745 1052 3799 Β
1150 3748 1208 3799 ten·

79 3832 156 3886 dates
175 3830 202 3885 Β
299 3828 486 3885 hortenturT
581 3830 614 3885 12
632 3830 852 3886 uerecundia-l.
865 3835 902 3886 18
920 3830 1032 3885 concilia
1048 3844 1098 3885 om.
1118 3830 1144 3885 Τ

81 3916 114 3972 13
133 3914 237 3985 tingite
256 3916 304 3971 Pb
409 3916 575 3985 repurgans
594 3916 620 3971 L
722 3918 829 3987 pucrlor
844 3916 881 3984 B,
907 3915 1043 3986 pulchrior
1061 3912 1144 3971 m
1154 3928 1159 3936 ·

79 4004 114 4057 16
132 4000 267 4055 Venarum
283 4000 349 4067 fort.
451 4002 557 4055 ruscida
573 4002 602 4055 Β
705 4000 741 4057 17
757 4001 867 4073 lignei
966 4001 1099 4056 schemate
1118 3999 1208 4071 Sirra,

79 4106 223 4159 stemmate
236 4100 342 4170 LPVb,
366 4103 542 4158 stimmateB
640 4078 725 4159 fontis
743 4103 770 4159 Β
868 4104 1050 4173 aoqoeetuoei
1062 4102 1147 4158 ΒΝ

79 4192 114 4244 22
132 4188 234 4245 sociato
249 4188 336 4257 ΒΜ
356 4189 485 4244 societate
504 4189 585 4244 ΜΨ
685 4190 720 4245 23
741 4186 800 4245 aun'
824 4190 848 4246 Τ
948 4190 1095 4259 peregrinis
1114 4190 1142 4245 Β

81 4276 116 4330 25
134 4278 225 4331 sancte
243 4277 271 4331 Β

1054 4378 1107 4432 26⁸
