2992 4967
433 338 670 407 Epistularum
686 336 775 395 liber
792 339 862 397 1111.

598 545 701 613 nvn.

447 680 631 737 ENNODIVS
650 680 846 738 becobeno.

115 804 220 869 Recte
247 804 383 870 creditur
416 805 609 871 enuntiatrix
633 824 700 871 esse
734 806 843 891 lingua
875 805 1098 889 penetralium,
1133 824 1211 889 quae

73 905 213 971 latentis
243 908 364 972 secreta
388 910 511 973 animae
545 909 583 975 ad
607 910 710 974 lucem
743 911 835 975 uocat
869 909 1006 993 eloquio:
1040 908 1213 974 nesciretur

53 1026 166 1073 semor
174 1011 349 1090 pectorum,
361 1012 422 1079 nisi
435 1012 526 1078 illum
539 1012 786 1099 sermoproditcr
798 1012 967 1079 indicaret:
992 1014 1059 1077 iure
1070 1016 1213 1079 ueterum

72 1112 237 1195 sapientia
260 1112 399 1197 epistolis
416 1133 473 1181 usa
485 1116 573 1199 qnasi
590 1116 732 1185 claribus
745 1118 919 1201 repositum
934 1134 1053 1199 pereas
1068 1115 1214 1199 uulgauit

72 1216 241 1281 effectum.
281 1220 384 1282 tracta
413 1222 460 1283 est
483 1218 515 1283 in
538 1219 753 1285 testimonium
786 1218 964 1301 scriptionis
985 1237 1074 1284 mens
1097 1221 1214 1284 testate

73 1319 299 1403 diligentiam:
334 1322 451 1399 mutari
474 1323 639 1388 caritatem
673 1342 734 1388 non
769 1322 872 1404 licuit,
905 1341 1000 1405 quam
1034 1323 1212 1388 desiderans

74 1422 200 1507 pagina
234 1423 462 1491 interueniente
493 1403 698 1507 promisisset.
722 1426 796 1490 hnic
832 1444 882 1489 me
905 1441 961 1509 ego
995 1425 1212 1490 consuetudini

44 1528 125 1591 nuel
148 1528 216 1609 legi
240 1527 343 1610 potius
375 1526 560 1613 mancipem,
597 1530 740 1594 adserens
773 1529 954 1594 litterarum
976 1529 1036 1594 fide
1070 1528 1145 1610 quid
1175 1529 1213 1594 de

74 1630 297 1713 magnitudine
320 1636 376 1695 tua
397 1630 539 1697 sensibus
560 1631 705 1697 inoleuit.
729 1651 786 1697 uos
803 1633 830 1698 si
853 1652 974 1698 mecum
998 1633 1068 1717 pari
1091 1648 1165 1697 cura
1178 1632 1213 1695 in

77 1732 316 1800 deuinctionem
333 1737 514 1815 conuenitis
538 1734 565 1801 si
581 1736 644 1801 fida
659 1736 812 1820 interpres
836 1736 975 1802 amicitia
989 1754 1023 1801 se
1039 1736 1210 1801 aestimans

76 1840 192 1901 uotum
216 1838 303 1902 uidet
319 1838 456 1923 alterius,
472 1858 653 1921 responsum
670 1840 810 1905 deserens
827 1838 946 1905 tabella
968 1838 1131 1921 significet.
1154 1854 1212 1922 ego

76 1958 214 2004 munera
237 1941 433 2007 salutationis
456 1944 626 2024 inpertiens
647 1942 904 2009 deliberationem
918 1961 1021 2008 meam
1046 1959 1107 2007 non
1128 1942 1213 2006 tem·

47 2061 70 2101 1e
79 2062 178 2125 quam
201 2044 368 2109 uerborum
391 2064 504 2111 auarus
527 2046 657 2112 occului.

586 2250 706 2317 XVIII.

473 2384 655 2441 ENNODIVS
678 2386 824 2441 FAVSTO.

120 2508 162 2573 In
191 2507 367 2575 adserendis
401 2508 513 2591 quibus
551 2528 643 2575 suurn
678 2527 740 2575 non
775 2510 908 2593 denegat
941 2509 1085 2574 honestas
1120 2508 1214 2589 plena

80 2611 269 2695 suffragium
284 2611 513 2693 multiplicibus
535 2631 598 2689 non
613 2616 684 2677 utor
707 2612 872 2694 adloquiis,
897 2632 936 2677 ne
951 2612 1089 2694 prolixus
1111 2628 1213 2675 sermo

50 2716 275 2795 rotamquama
290 2716 440 2797 negaturo
453 2715 594 2781 uideatur
607 2716 779 2797 inpetrasse
792 2714 991 2780 beneficium:
1005 2712 1113 2778 soletis
1129 2713 1214 2778 enim

80 2833 160 2897 quae
176 2818 332 2898 poscenda
346 2828 420 2883 sunt
435 2820 574 2900 precibus
599 2818 763 2884 anteferre.
785 2820 823 2885 ad
847 2818 1014 2888 sublimem
1037 2820 1068 2881 et
1090 2818 1214 2901 magni·

82 2916 175 2983 ficum
210 2920 315 2985 uirium
350 2920 524 3004 Opilionem
552 2925 695 3005 parentes
725 2921 791 2987 eius
820 2920 853 2987 in
884 2921 990 2988 Africa
1013 2922 1214 2987 consistentes

83 3020 263 3087 direxerunt
276 3024 395 3089 sertam
406 3023 573 3108 diligentia
581 3025 754 3105 inspirante
763 3041 938 3107 personam,
951 3023 1214 3107 quaadpatrium

84 3126 187 3190 solum
220 3126 377 3191 remeante
407 3127 466 3191 hoc
489 3126 567 3193 mihi
590 3129 728 3196 muneris
758 3129 918 3211 praefatus
941 3129 1084 3208 iniumrit¹
1108 3128 1146 3193 ut
1174 3126 1215 3193 ad

53 3248 75 3288 u
85 3227 288 3311 magnificum
301 3230 404 3295 uirum
417 3230 589 3313 agnellum
600 3249 655 3312 pro
668 3232 937 3297 commendatione
953 3250 1079 3297 suornm
1094 3230 1214 3296 anobis

133 3469 224 3526 nvn,
259 3470 390 3543 elingue
401 3486 456 3525 esre
472 3470 516 3526 Pb
613 3472 842 3541 5peccorumT¹
942 3473 1100 3527 indicaret„
1118 3471 1146 3524 L

83 3592 234 3661 opressus
248 3592 301 3658 P¹÷
318 3593 449 3661 promisit.
467 3593 580 3659 nesea.
673 3566 841 3649 consciuere
855 3592 882 3647 n
975 3590 1146 3660 roquour’o

85 3678 115 3731 11
144 3678 263 3733 inolenm
292 3680 327 3735 Τι
436 3678 467 3732 12
495 3680 687 3734 dininctionem
715 3679 828 3734 BLPV
929 3679 1079 3732 renueritis
1105 3678 1215 3747 scripti,

82 3764 268 3818 conuenientes
281 3764 432 3819 BLPTVb
523 3766 556 3835 si]
575 3782 601 3820 se
615 3766 651 3819 T'
743 3766 891 3833 intaerpres
904 3765 1102 3831 (resumeres.)
1120 3762 1147 3818 L

85 3850 117 3904 14
135 3850 264 3921 imptiene
288 3850 318 3917 V,
344 3850 535 3922 impartiensb
643 3854 675 3908 15
694 3853 807 3922 occului]
825 3853 889 3906 finit
905 3852 969 3906 add.
988 3852 1028 3920 Β]

135 3971 556 4059 anniuersarium
666 3974 700 4029 ao
724 3947 890 4029 orditura
1000 3939 1092 4059 ωιῑιᾷε
1119 3972 1148 4027 s

85 4093 116 4146 21
140 4093 274 4149 sublimen
293 4094 327 4149 '1¹¹
439 4096 472 4149 22
491 4058 537 4149 eis
555 4094 594 4161 L,
622 4112 672 4153 om.
693 4098 719 4153 T
819 4095 912 4150 affrica
933 4095 958 4149 T
1067 4096 1101 4151 23
1119 4093 1215 4149 dirixe-

85 4184 149 4234 runt
176 4181 205 4236 B
323 4182 357 4235 al
383 4186 516 4237 remeante
540 4188 612 4249 (mea
637 4185 717 4251 corr.)
745 4182 773 4237 L
893 4182 1007 4250 prefatis
1034 4182 1062 4237 L
1172 4182 1216 4235 in-

87 4268 189 4322 iuncxit
206 4268 235 4323 B
