2992 4967
274 323 336 388 110
629 318 743 387 Magni
762 318 887 373 Felicia
905 316 1038 373 Ennodi

272 510 357 575 auito
373 528 406 572 se
422 508 536 591 cespite
553 506 645 571 deflet
659 506 826 587 abiectum,
843 506 896 591 qui
911 506 978 591 spei
989 526 1061 573 suae
1073 509 1232 574 residuum
1246 509 1279 573 in
1295 510 1403 575 uestro

272 612 360 694 pouit
375 610 523 686 examine,
547 629 586 674 ne
602 611 772 675 aduersarii
795 611 859 675 eius
874 611 1014 695 potentia
1030 610 1068 676 de
1082 612 1168 677 lucro
1183 615 1214 676 et
1231 611 1404 676 securitate

273 715 460 797 gratuletur.
484 730 539 777 uos
562 714 669 795 legum
692 716 896 791 sacramenta,
928 731 983 777 uos
1007 713 1146 778 defensio
1168 715 1300 796 respicit
1325 714 1404 779 sub·

272 818 454 883 missorum:
479 833 534 899 ego
556 816 661 898 partes
684 832 770 880 meas
793 816 1051 880 conmendationc
1068 817 1198 883 muniui.
1221 816 1405 882 uenerabile

273 940 343 1005 ergo
367 938 479 984 nomeu
504 928 614 1001 augete
635 916 805 997 beneficiis,
842 918 915 1000 quia
937 920 1011 983 dum
1034 919 1121 985 iusta
1155 918 1308 1003 tribuitis,
1344 938 1438 988 neos

272 1021 328 1088 illa
350 1042 428 1105 quae
451 1026 489 1090 ad
510 1023 754 1087 misericordiam
779 1022 936 1105 pertinent
957 1021 1159 1104 posthabetis.
1198 1024 1325 1089 domino
1347 1024 1404 1103 mi,

272 1128 477 1192 reuerentiam
493 1126 618 1191 salutati
636 1124 796 1207 accipiens,
812 1124 860 1188 ita
873 1125 1015 1208 precibus
1029 1127 1108 1190 meis
1124 1125 1270 1190 effectum
1286 1126 1403 1205 tribuo,

272 1230 307 1293 ut
322 1228 479 1312 proprium
496 1228 692 1302 desiderium,
713 1228 787 1292 dum
806 1226 952 1292 honestas
970 1228 1133 1307 adseritur,
1152 1228 1251 1311 possit
1264 1230 1403 1313 impleri.

793 1398 880 1465 XVI.

653 1534 837 1590 Ennomus
855 1534 1020 1591 sumno.
1413 1550 1435 1592 ro

314 1644 387 1707 Iure
411 1660 591 1725 responsum
626 1641 854 1723 multiplicibus
888 1646 1065 1726 posceretur
1100 1642 1254 1724 alloquiis,
1289 1640 1402 1705 sinon

272 1748 411 1829 ingratas
446 1745 587 1811 extitisse
608 1744 738 1827 paginas
772 1762 858 1809 meas
881 1744 1111 1828 magnitudinis
1143 1748 1217 1811 tuae
1238 1744 1402 1809 silentium

272 1848 450 1913 testaretur.
474 1848 590 1913 clamat
613 1850 695 1911 enim
712 1846 913 1911 taciturnitas
936 1853 1043 1913 uestra
1058 1850 1218 1931 garrulum
1234 1848 1402 1932 displicere

272 1958 304 2015 ot
326 1968 441 2015 nouum
465 1949 623 2014 uindictae
646 1968 754 2033 genus,
770 1949 807 2013 ut
829 1950 946 2033 opinor,
970 1952 1113 2034 inquirit,
1136 1950 1259 2034 quando
1281 1968 1317 2017 so
1338 1969 1400 2019 uon

273 2051 359 2117 uidet
382 2052 586 2135 promouisse,
610 2052 691 2134 quod
713 2053 810 2117 siluit.
834 2055 929 2135 agitis
951 2055 1111 2137 epistolari
1137 2054 1338 2134 abstinentia,
1363 2074 1433 2121 nea

273 2156 312 2220 ab
345 2154 489 2238 inperitis
514 2156 553 2219 ad
582 2172 636 2219 uos
666 2156 782 2237 scripte
815 2158 1001 2221 mittantur:
1035 2159 1199 2240 ademptus
1222 2162 1330 2225 tamen
1353 2162 1401 2224 est

273 2260 411 2324 effectus.
429 2258 643 2342 prouidentiae
657 2262 783 2324 uestrae
801 2259 962 2341 profutura
979 2262 1129 2327 tractate:
1145 2261 1283 2327 crebrior
1296 2262 1400 2329 factus

272 2382 341 2427 sum
364 2362 396 2426 iu
430 2362 595 2443 scriptione
624 2364 830 2445 contemptus.
854 2366 908 2428 sed
943 2366 1071 2429 breuem
1106 2382 1282 2431 sermonem
1314 2366 1400 2431 docet

273 2464 414 2530 exhibere
437 2482 517 2542 eum,
542 2466 594 2547 qui
615 2483 733 2549 magna
760 2465 902 2531 doluerit.
928 2466 1080 2533 cultorem
1103 2472 1245 2533 uestrum
1267 2469 1399 2535 stabam

272 2588 377 2634 meum
400 2568 604 2635 Panfronium
621 2569 797 2650 epistolaris
814 2568 896 2651 apud
911 2570 1035 2635 culmen
1050 2577 1189 2637 uestrum
1205 2588 1280 2636 cura
1302 2571 1432 2637 comi-a

272 2671 368 2753 tatur,
392 2672 441 2737 cui
466 2672 613 2754 quicquid
636 2673 756 2756 gratiae
772 2690 953 2739 concessum
976 2672 1073 2739 fuerit
1087 2692 1138 2738 mc
1154 2692 1273 2757 quoque
1287 2675 1399 2758 inpen-

273 2793 377 2840 sorum
400 2775 535 2840 uinculis
551 2774 712 2857 obligabit,
737 2774 789 2838 cui
805 2775 899 2839 etiam
916 2775 1074 2857 aliquado
1090 2776 1231 2841 Vioariaa
1245 2776 1399 2856 dignitate

273 2879 465 2959 suggerenda
479 2877 622 2945 conmisi.
635 2896 689 2941 uos
702 2877 887 2959 petitionem
900 2898 1000 2942 meam
1014 2879 1052 2944 ad
1064 2878 1209 2943 effectum
1226 2879 1397 2963 perducite,

273 2981 344 3057 quia
366 2981 478 3046 adsum
501 2981 641 3062 partibus
664 2982 752 3057 meis,
777 2984 919 3062 quotiens
941 2982 1025 3063 apud
1047 2982 1317 3048 emendatissimos
1343 2984 1397 3049 bo-

272 3085 391 3147 minum
418 3100 509 3164 cogor
531 3082 636 3148 subire
658 3084 884 3164 testimonium,
907 3086 982 3149 dum
1006 3086 1101 3151 certis
1123 3085 1261 3153 exhibeo.
1405 3104 1430 3145 a

325 3302 338 3356 1
358 3301 490 3357 abiectum
503 3300 583 3355 deflet
603 3302 629 3355 T
710 3303 857 3373 residuum]
875 3304 911 3361 al.
922 3305 1069 3360 remedium
1082 3306 1109 3359 P
1119 3308 1150 3359 in
1160 3322 1212 3377 mp.
1224 3322 1259 3361 ra.
1272 3306 1331 3361 olio

272 3388 333 3442 aet
350 3388 420 3443 ..B
524 3388 541 3442 3
565 3388 779 3444 sublimissorum
800 3390 826 3445 Β
927 3392 1072 3446 lmuuiui
1093 3408 1142 3445 om.
1165 3392 1191 3446 Τ
1291 3390 1397 3445 5iusta

272 3476 299 3541 (a
317 3489 352 3529 cx
369 3490 383 3529 c
400 3475 446 3528 ael
464 3490 491 3529 cc
509 3490 578 3531 corr.
596 3492 630 3529 m.
650 3482 677 3543 1)
701 3476 727 3532 V
827 3476 965 3531 tribuistis
991 3479 1075 3533 L¹Pb
1182 3478 1199 3532 6
1225 3476 1396 3547 posthabetcs

273 3594 300 3649 Β
386 3596 454 3649 meur
472 3593 561 3649 sur
659 3594 775 3649 reatus
797 3596 830 3651 m
933 3565 1062 3668 stupori
1080 3599 1120 3665 123
1145 3598 1207 3654 fine
1225 3598 1290 3655 aaa.
1308 3598 1337 3654 ra

323 3696 396 3753 XVI.
433 3698 466 3753 10
482 3700 586 3767 accpito
605 3699 632 3753 L
736 3702 997 3770 neocosmum,
1023 3704 1202 3772 posceturL¹
1307 3702 1396 3758 1311-

272 3782 370 3887 sp¹icere
389 3818 416 3871 Β
503 3818 535 3873 14
553 3820 673 3890 inquiret
690 3821 717 3874 Β
805 3824 839 3878 16
856 3822 979 3876 redemtus
997 3824 1025 3877 Β
1113 3826 1145 3879 l'i
1163 3824 1273 3879 affectus
1287 3826 1331 3880 Pb

271 3906 388 3959 tractare
406 3904 448 3959 Pb
547 3907 579 3961 18
597 3911 748 3962 contemtus
766 3909 794 3962 Β
891 3910 925 3964 19
942 3912 1071 3982 uestrum]
1092 3926 1154 3965 uero
1174 3912 1200 3965 T
1288 3912 1397 3981 20aput

275 3990 301 4043 Τ
394 3992 424 4043 21
445 3992 570 4060 quicquid
589 3995 662 4063 (quic
678 3996 729 4049 al.
747 4000 823 4054 m.1,·
847 3994 878 4062 V,
906 3996 1083 4066 quidquidB
1178 4012 1284 4065 quoquo
1302 3997 1331 4051 Β

270 4076 451 4144 impensarum
470 4078 494 4145 b,
522 4078 554 4131 al.
575 4085 652 4149 lpesu
671 4082 699 4136 P
714 4083 745 4135 ia
762 4098 811 4154 etp.
829 4100 864 4137 m.
883 4085 941 4137 olio
1045 4085 1079 4138 22
1096 4083 1213 4153 obligbit
1230 4084 1257 4137 L
1356 4083 1395 4137 ui·

272 4164 356 4219 coriae
375 4164 457 4231 (caria
474 4164 507 4221 in
524 4169 590 4235 ros.)
616 4167 642 4221 V
739 4169 966 4226 2311111111,ι
1069 4170 1103 4225 25
1126 4169 1216 4241 certia}
1234 4170 1269 4225 al.
1288 4168 1394 4227 disertis

272 4249 300 4303 P
315 4250 347 4304 io
365 4266 414 4321 mp.
433 4268 466 4308 m.
486 4253 544 4307 olio
647 4254 766 4326 exhibeo]
784 4257 847 4311 fluit
863 4258 927 4313 odd.
947 4258 975 4312 Β
