2992 4967
393 358 509 431 Opusa
529 360 583 417 111.
607 360 688 416 Vita
707 360 739 417 Β.
759 358 938 431 itpiphani.
1165 362 1230 429 365

94 566 274 631 aooessrm,
298 556 328 615 et
350 550 433 616 inter
450 568 497 615 res
520 548 613 617 iuras
637 550 793 616 nascentis
819 550 945 636 imperii
973 549 1100 633 pietatis
1121 549 1229 617 iulos-

94 652 212 719 dinem
235 670 383 719 sensurae
410 652 502 736 pellit
529 652 662 719 utilitas.
701 652 913 737 exemplorum
935 652 1114 720 eadssffium
1138 654 1228 719 testi·

94 756 209 822 monio
232 754 362 823 assertio
385 772 455 821 moa
477 755 599 822 nititur.
629 754 794 822 offendisse
815 756 949 842 legimus
971 756 1152 839 prinoipem,
1174 755 1229 839 qui

94 860 236 927 caelitus
269 858 461 925 destinatum
492 858 563 925 neoi
596 856 758 925 inimieum
787 858 935 925 subduxit
956 858 1064 925 exitio:
1098 877 1230 943 poenem

70 962 219 1029 emeruit
250 962 383 1042 lenitas,
422 978 515 1045 quam
551 960 653 1044 potuit
688 960 833 1028 intulisse
869 962 1030 1028 distriotio.
1074 960 1230 1027 ultionem

93 1064 234 1148 suscipit
256 1064 311 1148 qui
333 1067 487 1131 detractat
508 1064 639 1130 inferre:
671 1066 736 1131 uim
760 1064 859 1131 diuini
880 1064 988 1130 iudicii
1010 1068 1065 1131 eut
1080 1066 1230 1131 monum

91 1171 157 1236 aut
181 1168 354 1235 eontemuit
375 1168 430 1251 qui
451 1168 536 1233 hosti
559 1186 630 1245 suo,
661 1186 733 1235 eum
754 1170 889 1252 potitur,
916 1168 1069 1253 indulget
1105 1167 1230 1234 iustitia

92 1272 261 1340 eoereendi
284 1272 359 1338 suut
380 1290 458 1356 quos
480 1276 603 1338 onustat
624 1273 760 1357 gretiam
775 1290 836 1340 non
858 1276 992 1339 seoutoe.
1023 1273 1102 1338 uitia
1123 1273 1228 1337 usus·

92 1374 203 1441 mittit
225 1373 265 1441 ad
279 1377 416 1457 posteros
439 1374 491 1458 qui
514 1373 733 1459 praesentibus
756 1375 854 1460 oulpis
877 1376 1018 1460 ignoscit.
1050 1393 1129 1441 nam
1146 1374 1228 1458 qued

57 1502 83 1543 ιο
92 1481 134 1545 de
159 1476 365 1561 redemptoris
387 1478 489 1544 nostri
512 1478 667 1561 patientia
680 1478 828 1562 loqueris,
851 1478 924 1546 illos
939 1498 1013 1545 uere
1026 1477 1229 1563 ampieotitur

92 1580 147 1647 iae
171 1580 305 1665 gratiae,
329 1598 407 1664 ques
421 1581 589 1647 austeritas
605 1580 685 1664 legis
700 1581 861 1647 informet.
884 1600 1055 1666 numquam
1070 1599 1090 1647 a
1103 1581 1225 1646 medion

91 1684 136 1751 ad
159 1684 377 1770 plenissimam
405 1685 601 1751 curationem
623 1704 714 1771 aeger
740 1686 894 1752 adductus
922 1687 987 1761 est,
1017 1685 1080 1751 nisi
1101 1684 1139 1751 ab
1163 1684 1228 1764 itio,

93 1788 152 1871 qui
177 1788 313 1873 primum
334 1787 441 1872 putria
462 1788 543 1855 terro
564 1791 705 1856 membra
726 1787 868 1856 deseouit
886 1794 919 1854 et
935 1790 1087 1853 latentem
1103 1787 1227 1870 penitus

93 1890 209 1957 ssinu
230 1892 387 1957 umerum
419 1890 565 1975 produxit
596 1892 763 1959 inluuiem.
801 1892 854 1975 qui
889 1891 1072 1957 criminosos
1104 1889 1227 1973 patitur

59 1996 218 2077 oeinpnne
249 1994 398 2077 transire,
431 1996 471 2061 ad
499 1994 631 2061 numina
658 1994 802 2061 hortetur
830 1994 983 2061 insontes.
1019 1994 1126 2059 tamen
1155 1993 1227 2075 quia

92 2097 244 2181 precibus
266 2096 395 2176 uestris,
427 2097 539 2180 quibus
561 2115 696 2180 superna
716 2096 909 2181 assentimt,
932 2096 1083 2163 obsistere
1104 2100 1228 2161 terrena

94 2218 161 2267 non
183 2205 323 2283 possunt,
347 2200 489 2266 omuibus
511 2200 702 2284 generaliter
720 2219 855 2269 errorem
871 2200 1078 2267 dimittemus.
1110 2199 1228 2265 nullius

95 2307 195 2387 eaput
217 2320 296 2369 nexa
317 2302 502 2387 prosternet,
527 2304 673 2387 quoniam
691 2303 821 2387 potestis
836 2307 868 2369 et
882 2304 964 2387 apud
980 2304 1071 2369 deum
1086 2302 1227 2369 nostrum

96 2422 201 2489 agere,
224 2408 261 2470 ut
283 2405 452 2472 seeleratae
475 2407 595 2471 mentes
617 2406 806 2490 epropositi
828 2406 876 2471 sui
898 2406 1105 2489 peruersitate
1127 2405 1227 2471 ‹inne-

61 2507 187 2573 sedent
210 2524 326 2597 pauens
349 2512 471 2587 tamen,
494 2527 570 2592 qnos
593 2508 750 2575 malorum
770 2508 944 2575 intentores
966 2509 1063 2575 inisse
1086 2510 1226 2593 cognoni,

96 2610 241 2676 loeorum
270 2628 397 2677 suorum
424 2611 642 2678 tantummodo
671 2610 867 2678 habitatione
895 2610 1044 2693 priuabo,
1078 2629 1118 2677 ue
1146 2611 1226 2677 torte

97 2730 254 2797 exurgens
286 2714 458 2781 nemssitas
490 2712 610 2779 uioinos
643 2713 787 2781 inueniet
818 2712 988 2780 nutritores
1016 2714 1226 2780 etmalorum

96 2818 209 2886 adiuta
237 2815 433 2881 suooessibus
461 2815 545 2883 bella
578 2816 795 2901 eensurgant''.
828 2817 878 2883 hie
910 2814 1227 2900 praepollentissimus

98 2936 153 2983 rex
188 2916 281 2984 dietis
314 2916 419 2983 unum
451 2917 710 2985 inlustrissimum
734 2918 886 2985 Vrbieum
918 2917 1012 2985 moiri
1039 2918 1141 2998 iubet,
1172 2918 1225 3002 qui

151 3173 165 3226 l
185 3170 264 3227 duras
283 3170 318 3239 Β,
345 3170 411 3227 duas
428 3172 515 3229 ΜΨ
612 3174 629 3229 2
652 3176 808 3229 testimonia
828 3175 862 3231 Β
965 3176 982 3231 3
1004 3176 1116 3230 assertio
1140 3172 1227 3241 MV,

97 3258 205 3314 affectio
232 3258 315 3313 Sum.
436 3259 454 3313 4
480 3257 639 3313 distinetum
665 3259 693 3314 Β
814 3260 872 3315 nsoi
898 3260 985 3327 Bou,
1019 3276 1068 3315 nse
1094 3260 1160 3316 istri

97 3344 247 3400 ilaenitas
265 3342 293 3398 Β
396 3344 542 3414 tsusoipit
558 3345 665 3415 scripsi,
691 3347 811 3416 suseepit
827 3346 892 3401 istri
995 3345 1011 3399 ⁷
1033 3345 1110 3401 hosts
1132 3345 1160 3398 B

97 3428 221 3499 indulgit
244 3430 272 3483 B
374 3430 391 3485 8
414 3430 567 3486 ooheroendi
593 3431 619 3485 T
718 3435 824 3486 seontus
848 3428 954 3486 ΒΝ*
1056 3428 1225 3485 transmittet

98 3516 126 3571 Β
225 3516 408 3585 9prassentes
426 3516 466 3583 Β,
494 3516 664 3586 paroentibus
685 3516 711 3571 P
806 3516 957 3587 iguosoitnr
974 3516 1002 3571 Β
1105 3514 1139 3569 10
1156 3513 1226 3583 psoi-

98 3637 175 3691 enss
192 3634 250 3691 nr
338 3602 485 3707 empsisse
502 3638 528 3692 n
620 3638 651 3692 11
670 3637 815 3691 autoritas
833 3637 891 3705 <ass
911 3653 927 3692 e
945 3638 1026 3704 eon.)
1044 3636 1070 3689 Β
1160 3650 1227 3689 nun.

97 3734 178 3790 quam
196 3722 224 3777 Β
320 3736 404 3779 aona.
422 3721 450 3777 Β
553 3722 586 3777 li
603 3722 782 3793 piiuiseimsm
799 3722 839 3778 Β1
942 3722 975 3777 13
993 3720 1102 3791 putrida
1119 3719 1159 3775 Βι

98 3808 263 3928 resitetiam
277 3842 302 3897 Τ
396 3842 429 3898 ib
439 3844 564 3914 inpunite
575 3842 650 3909 tw,
665 3844 800 3913 impunite
812 3842 896 3900 Sim.
991 3842 1056 3912 quia
1066 3842 1094 3898 Β
1106 3856 1126 3898 s.
1140 3843 1158 3898 t.

100 3942 133 3997 16
156 3942 276 4000 sentiunt
298 3944 339 4014 Β,
367 3946 551 4003 assentiuntur
573 3948 646 4005 Boii.
752 3948 784 4003 lt
802 3948 967 4004 dimittimus
986 3945 1022 4001 P
1039 3952 1066 4004 et
1084 3947 1159 4004 Bou

99 4078 134 4133 1e
150 4081 340 4150 prosternitis
434 4056 489 4173 riis
507 4086 535 4139 Β
632 4086 665 4143 re
682 4085 830 4156 propensi.
851 4086 909 4140 eur.
931 4084 972 4154 (ur
989 4087 1021 4140 et
1037 4088 1108 4154 ras.)
1131 4085 1159 4140 Β

99 4182 286 4270 pereuersitete
303 4182 331 4238 Β
426 4186 457 4243 21
477 4186 674 4257 tantummodo]
694 4190 802 4243 tantm
821 4188 902 4244 tirsi.
1000 4188 1111 4257 pritsbo
1129 4186 1157 4242 Β

99 4283 133 4338 92
150 4300 294 4357 exsurgens
310 4286 371 4344 LV
468 4288 503 4344 28
521 4288 777 4360 precellentissimus
794 4292 822 4348 Β
845 4358 849 4366 ι
923 4290 959 4345 24
976 4290 1057 4347 aroiri
1079 4290 1105 4345 1·
