2992 4967
1188 396 1256 445 1111

118 568 276 650 poematis
310 568 446 651 exceptis
478 566 648 649 pessimam
671 565 839 633 editionem
859 567 900 633 ad
921 567 1060 656 uerbum¹
1075 567 1140 633 iere
1162 586 1250 651 repe·

120 672 214 749 teret,
244 669 380 753 optimos
409 670 514 735 autem
536 669 686 735 lectiones
709 686 844 753 suasque
877 671 1069 737 coniecturas
1101 670 1135 735 in
1167 690 1252 738 mer·

121 774 196 857 gine
219 790 371 857 apponere
393 774 471 839 setis
493 772 633 839 haberet.
671 790 745 840 nam
777 792 893 856 paucas
921 774 955 839 in
984 776 1105 840 textum
1133 776 1253 858 recepit

121 882 154 943 et
182 877 330 945 nonnulla
356 877 453 944 uerba
474 876 540 943 eius
563 876 636 942 libri
659 877 845 944 anctoritate
868 876 1040 943 uncincuit.
1078 879 1251 961 scripturae

119 984 229 1047 summ
259 980 372 1047 codicis
402 980 429 1045 B
462 978 595 1045 selectae
627 981 754 1047 tantum
781 998 880 1064 neque
908 998 961 1046 eae
995 981 1073 1046 satis
1105 983 1250 1047 accurate

118 1086 284 1151 notantur.
331 1084 413 1149 inter
456 1081 649 1149 coniecturas
687 1100 766 1166 quae
808 1084 932 1166 probari
968 1088 1097 1167 possunt
1133 1102 1250 1168 paucae

120 1185 396 1271 deprehenduntur
424 1187 455 1249 et
483 1185 564 1268 qnod
592 1203 654 1253 non
687 1184 834 1269 pleneque
866 1186 1022 1253 obliuione
1049 1205 1111 1271 qua
1138 1187 1250 1271 dignae

118 1292 197 1355 sunt
218 1288 414 1371 sepeliuerim
436 1306 474 1353 ne
496 1286 653 1355 nonnullis
676 1286 857 1373 displiceam
878 1289 971 1354 ualde
993 1307 1111 1355 uereor.
1147 1291 1248 1356 solum

116 1393 224 1477 igitur<
248 1392 340 1459 buius
369 1390 514 1457 editionis
548 1390 696 1457 meritum
728 1410 764 1458 eo
798 1392 983 1471 continetur,
1019 1394 1101 1475 quod
1134 1394 1251 1476 scripta

117 1516 200 1579 quae
222 1495 451 1563 Basileensium
480 1495 597 1561 incuria
619 1494 733 1562 omissa
754 1496 807 1561 nel
827 1494 976 1563 lacunosa
997 1497 1136 1563 exhibita
1157 1498 1249 1563 erent

116 1600 238 1682 recepit
267 1601 299 1665 et
321 1598 487 1683 suppleuit,
521 1598 664 1680 quemuis
694 1600 726 1663 et
751 1600 821 1683 ipsa
849 1598 1008 1681 Epistulas
1037 1599 1247 1680 11113-18,

117 1702 311 1788 Opusculum
339 1704 383 1783 X,
415 1702 594 1769 Dictionem
618 1702 729 1781 villi,
764 1702 910 1772 Uermina
936 1704 971 1770 II
993 1704 1137 1784 23-28,
1170 1722 1247 1789 quac

117 1808 215 1873 codor
247 1806 479 1891 suppeditabat,
509 1806 629 1872 intacta
660 1806 838 1890 reliquerit3
875 1808 909 1873 et
937 1826 976 1873 ea
1002 1812 1035 1873 et
1062 1825 1141 1891 quae
1162 1808 1196 1873 in
1219 1807 1245 1872 B

115 1909 335 1977 desiderentur
367 1910 526 1992 Epistulas
560 1907 686 1975 vnio
716 1929 744 1993 p.
772 1909 843 1993 119,
880 1911 1018 1977 11-13
1044 1930 1075 1994 p.
1100 1910 1174 1993 181,
1202 1909 1245 1976 26

118 2012 302 2079 Sirmondus
324 2014 450 2079 demum
472 2034 509 2079 er
532 2014 596 2079 suis
616 2012 707 2079 libris
730 2012 901 2097 praestitit,
922 2016 1103 2097 postquem
1125 2016 1247 2097 praeter

119 2117 258 2201 singulos
280 2134 387 2181 uersus
410 2114 489 2181 nihil
511 2116 578 2198 ipse
602 2116 675 2181 noui
697 2115 841 2182 inuenire
862 2116 960 2198 potui.

162 2219 293 2285 Iacobus
316 2218 496 2286 sirmondus
520 2236 581 2285 soc.
604 2220 676 2285 lesu
697 2220 797 2301 presb.
821 2220 874 2301 qni
889 2220 998 2285 eodem
1020 2238 1080 2303 quo
1096 2220 1242 2287 Schottus
1288 2220 1360 2264 Mitt

116 2342 197 2391 enno
222 2324 301 2390 1611
338 2323 457 2406 Maponi
479 2321 598 2389 Felicis
623 2322 772 2388 anodii
793 2323 931 2404 episcopi
948 2322 1127 2389 Ticiueneie
1149 2343 1245 2406 opera

115 2426 247 2495 Parisiis
275 2426 429 2493 recensuit
443 2426 483 2510 ¹),
512 2429 655 2509 quamuis
685 2425 893 2492 mediocribus
920 2430 954 2492 in
982 2444 1018 2493 ec
1039 2446 1072 2493 re
1093 2427 1243 2495 subsidiis

114 2533 266 2613 uteretur,
289 2531 364 2613 qnid
385 2530 526 2596 doctrina
546 2528 711 2612 diligentie
732 2547 905 2613 sanumque
929 2530 1079 2596 iudicium
1102 2531 1245 2599 ualerent

115 2634 275 2699 luculento
299 2632 436 2715 exemplo
459 2632 685 2699 demonstrent
700 2635 732 2697 et
754 2634 790 2697 nt
805 2632 954 2698 obscurus
968 2632 1103 2716 scriptor
1118 2635 1244 2701 tandem

114 2736 181 2818 legi
198 2736 291 2818 atque
307 2733 447 2819 intellegi
469 2738 576 2815 posset
598 2733 814 2819 grammaticis
829 2736 1016 2801 emendandi
1033 2737 1244 2819 distinguendi

115 2838 342 2921 enarrandique
376 2838 487 2905 officiis
526 2841 653 2904 strenue
685 2840 716 2904 et
749 2857 822 2905 cnm
860 2856 934 2905 cura
966 2838 1092 2905 functus
1126 2839 1242 2906 effecit:

115 2958 306 3025 quamquam
338 2940 403 3019 ille,
437 2958 509 3006 cum
542 2941 653 3024 optimi
684 2941 800 3008 codicis
829 2941 943 3008 auxilio
966 2941 1188 3009 destitueretur
1211 2946 1244 3009 et

113 3044 244 3111 alterius
272 3042 411 3111 familiae
441 3044 575 3109 testibus
596 3062 708 3127 perum
736 3044 867 3126 integris
889 3045 1052 3125 niteretur,
1076 3048 1242 3128 permultis

113 3147 192 3213 locis
214 3146 384 3230 genuinam
405 3146 553 3212 orationis
575 3146 708 3213 formam
737 3166 799 3213 non
827 3150 986 3213 assecutus
1015 3149 1071 3212 est
1104 3149 1145 3214 ud
1166 3168 1241 3233 pur·

112 3248 253 3333 gendum
275 3249 455 3318 Besileense
478 3250 642 3334 exemplar,
666 3268 726 3334 quo
749 3250 831 3315 nihil
853 3251 1066 3333 deprecatius,
1089 3252 1170 3318 nihil
1192 3254 1241 3319 in·

113 3352 273 3435 quinctius
288 3356 321 3417 in
335 3352 436 3419 lucem
455 3354 574 3435 exierit,
597 3356 630 3421 in
653 3354 789 3439 epistole
812 3352 1001 3420 dedicatoria
1022 3355 1062 3419 ad
1077 3354 1242 3421 Nicolaum

112 3455 251 3521 Fabium
272 3472 306 3521 se
329 3454 404 3521 duos
426 3457 545 3522 codices
579 3456 757 3523 adhibuisse
792 3460 914 3522 narrat:
950 3460 1079 3521 montem
1100 3456 1242 3539 equidem

111 3577 200 3636 som,
227 3557 334 3641 pewad
361 3559 470 3640 potet,
504 3579 541 3625 ee
566 3558 684 3625 duobus
713 3563 871 3641 spectatae
902 3558 977 3639 fidei
998 3559 1240 3642 exemplaribus,

121 3660 277 3725 Vaticano
291 3664 320 3725 ei
334 3664 398 3743 too,
421 3680 517 3743 poam
531 3662 820 3727 mendacissimum
841 3662 977 3740 reddere,
1002 3661 1138 3727 lacunas
1160 3682 1242 3744 quoe

111 3762 232 3828 multoe
254 3766 281 3826 et
302 3765 463 3829 maximae
485 3768 576 3828 eram
596 3763 736 3848 implere,
760 3784 798 3829 ao
807 3786 912 3847 praem
927 3764 1090 3831 (1110111111
1105 3768 1241 3832 traiectu

111 3867 180 3930 sois
203 3865 278 3931 locis
299 3886 463 3949 reponere,
487 3868 596 3933 omniu
617 3868 713 3933 etium
734 3887 830 3951 opero
852 3888 891 3934 ea
904 3868 1053 3949 pristino
1068 3870 1262 3950 perturba,

217 4058 236 4119 ¹)
265 4053 358 4109 Editio
387 4055 521 4111 sirmondi
550 4056 663 4125 repetite
692 4060 733 4111 est
763 4056 792 4111 in
818 4056 912 4112 Iccobi
941 4056 1083 4112 Sirmorrds'
1110 4058 1240 4127 operabar

109 4142 214 4206 ιιαηϊε,
243 4156 311 4209 quae
335 4156 368 4197 ee
391 4142 479 4209 ipsius
503 4142 607 4199 roteriis
630 4142 821 4199 emendatiora
841 4144 914 4198 erotis
937 4143 1087 4212 meibomio
1112 4145 1240 4199 contem

110 4227 224 4281 Pcrisiie
242 4244 265 4281 e.
286 4228 360 4295 1696,
379 4226 498 4283 Venetiis
516 4245 540 4283 a.
554 4230 621 4285 1128
640 4230 691 4285 nol.
710 4230 733 4286 V
751 4246 777 4301 p.
791 4230 858 4285 1365
867 4246 907 4299 sq.
925 4230 999 4285 edite
1016 4233 1097 4300 etque
1119 4228 1162 4285 hio
1180 4229 1238 4283 illic

109 4314 219 4369 Sobotti
238 4313 400 4369 lectionibus
419 4318 497 4371 aucta
514 4318 585 4371 runt.

1267 2289 1382 2335 sirmondi.
