2992 4967
455 334 691 403 Epistularum
709 336 798 389 liber
816 336 848 391 V.
1154 342 1216 407 1³9

79 530 119 591 ut
146 530 178 591 et
202 530 236 590 tu
258 525 376 610 pelatio
398 526 490 589 natus
513 527 544 589 et
566 524 622 589 ille
637 526 680 589 sit
702 523 851 591 redditus.
880 526 912 589 in
932 528 1064 592 ueritate
1088 527 1159 593 dico
1181 525 1214 593 et

77 630 121 693 de
141 631 191 694 dei
207 627 418 693 misericordia
441 626 519 691 mibi
534 644 661 693 securus
678 628 825 709 spondeo,
841 627 1007 711 fragilitati
1022 649 1109 695 mese
1124 648 1215 713 prse-

77 731 167 796 sidis
191 731 276 796 eaelo
298 730 487 813 obsequente
512 730 646 796 concedi.
671 728 838 812 spondetur
862 731 939 797 mihi
962 735 1042 814 quod
1057 732 1145 798 uobis
1168 735 1216 799 est

77 833 283 918 praestitum.
318 834 441 901 domine
463 834 517 910 nni,
542 832 739 899 salutationis
764 835 912 917 obsequia
934 834 1108 916 suscipiens
1131 852 1215 919 rogo,

53 940 130 1013 sut,
155 938 184 1003 si
208 938 283 1021 quid
298 938 397 1003 umori
412 956 481 1004 nuso
496 938 618 1018 tribuis,
635 938 785 1003 omnum
801 938 923 1005 enimse
938 956 1027 1005 mese
1042 936 1214 1017 denarium,

77 1046 119 1107 ut
143 1044 228 1124 spud
249 1060 301 1107 me
322 1044 459 1121 mineat,
483 1059 608 1107 exorere
631 1042 767 1124 pleniter
788 1059 851 1107 non
872 1043 1011 1107 omittas.
1050 1041 1132 1123 quod
1154 1040 1216 1106 uisi

77 1144 271 1225 obtinueris,
292 1145 431 1211 multum
447 1144 526 1210 mihi
540 1145 579 1208 de
597 1144 771 1211 hilaritatis
793 1144 919 1209 cumulo
935 1142 1128 1225 decerpsisti.

600 1434 702 1499 XVII.

479 1604 612 1662 AVIENO
635 1600 828 1659 ENNODIVS.

45 1774 69 1812 ιο
126 1748 215 1813 Bene
244 1746 427 1831 magnitudo
450 1749 574 1825 uestra,
604 1748 680 1813 dum
708 1746 822 1831 origini
851 1748 883 1811 et
910 1743 1050 1811 moribus
1077 1747 1218 1831 praestet

81 1852 287 1933 obsequium,
316 1850 565 1917 emendationem
594 1852 660 1917 sine
691 1849 859 1917 interuallo
881 1848 1045 1931 coniungit
1065 1847 1161 1915 errori
1185 1853 1217 1913 et

80 1957 167 2037 quod
195 1958 358 2037 peecatum
381 1955 537 2039 sapienter
558 1954 732 2037 intellegit,
762 1956 943 2037 priusquam
971 1953 1071 2018 eltero
1095 1953 1216 2019 dennu-

80 2057 192 2139 tietur,
223 2056 350 2123 auertit.
389 2058 459 2139 quis
485 2056 589 2123 eredat
618 2056 786 2139 deliquisse
812 2058 844 2123 iu
868 2058 1062 2123 correctione
1085 2056 1216 2122 uelocis·

80 2162 225 2227 simum?
247 2178 326 2241 pene
347 2177 408 2225 non
431 2161 591 2225 uocemue
607 2160 656 2225 est
670 2164 808 2225 seetstor
823 2178 1003 2225 excessum
1018 2160 1073 2243 qui
1088 2158 1217 2225 obuiam

46 2288 71 2327 15
80 2280 215 2327 manum
237 2262 325 2345 ponit
346 2263 379 2327 in
401 2262 600 2347 subreptione
624 2262 799 2345 culparum.
834 2263 922 2341 baec,
947 2265 992 2327 nni
1015 2261 1150 2339 domiue,
1174 2263 1215 2329 ad

81 2386 131 2445 ea,
159 2384 238 2447 quse
262 2384 294 2429 es
319 2366 468 2451 diguatus
496 2366 638 2445 scribere,
670 2365 775 2449 gratis
804 2369 910 2431 uestro
935 2366 1013 2431 duee
1034 2368 1216 2449 respondeo.

81 2472 228 2535 ceterum
256 2468 456 2535 humiliorem
492 2488 541 2535 me
568 2469 724 2552 proposito
754 2471 879 2535 actuum
911 2488 1054 2534 meorum
1083 2472 1218 2552 pondere

80 2572 307 2637 reddiderunt:
332 2573 384 2637 uis
406 2573 532 2639 miseris
555 2573 690 2637 remansi
713 2575 841 2639 idoneus
858 2572 1027 2637 reformare
1044 2573 1216 2655 conloquio.

81 2675 210 2741 domine
233 2676 287 2753 mi,
310 2676 512 2742 salutationis
536 2675 683 2757 obsequie
705 2680 908 2757 praesentans
932 2675 1024 2738 deum
1047 2693 1137 2755 rogo,
1163 2675 1218 2757 qui

46 2777 277 2843 noculminibus
305 2780 419 2843 uestris
442 2778 581 2843 fructum
604 2795 658 2860 pro
683 2778 742 2843 hae
765 2796 826 2860 qua
856 2777 1011 2844 humilem
1041 2794 1102 2843 non
1130 2796 1216 2860 sper·

81 2881 161 2945 uitis
186 2880 432 2947 consideratione
455 2882 611 2947 restituat.

139 3170 154 3222 1
172 3171 204 3221 tu
222 3182 273 3222 om.
293 3168 334 3235 Β,
361 3174 434 3223 recte
450 3170 529 3235 fort,
557 3184 623 3223 num
641 3169 711 3223 elter-
729 3170 775 3223 ποῖ
792 3168 961 3223 Psmfroniue
979 3168 1151 3223 intercidisse
1168 3168 1214 3222 ui-

83 3264 168 3319 detur
269 3262 336 3317 ide
354 3276 404 3319 om.
423 3262 478 3317 P¹b
576 3264 619 3317 dei
637 3281 688 3319 oin.
707 3264 735 3317 Β
838 3264 982 3319 3eoueede
1001 3264 1039 3319 L¹
1139 3280 1217 3333 spon-

84 3360 161 3413 ditur
188 3359 216 3412 Β
318 3357 506 3427 4prestitun1
534 3357 561 3410 Β
664 3358 732 3412 mihi
760 3357 846 3411 BLV
945 3357 1094 3413 btribues
1122 3358 1150 3411 Β

84 3454 223 3507 domiuum
242 3450 311 3507 Pte
416 3451 554 3506 'leomulo
572 3452 598 3506 Β
701 3452 866 3521 decerpsisti]
885 3452 947 3505 finit
966 3450 1031 3505 add.
1051 3452 1078 3504 Β

138 3572 226 3629 xm
262 3574 279 3626 9
297 3572 427 3627 ennodius
440 3573 536 3627 suieno
555 3572 612 3627 LV
707 3574 740 3627 10
758 3574 861 3643 uestra]
875 3577 924 3627 tue
941 3572 1010 3626 P²T
1103 3571 1136 3623 12
1155 3570 1218 3624 dell-

83 3669 171 3725 tietur
188 3668 243 3723 LT
333 3667 366 3721 13
383 3670 490 3722 auertet
509 3668 543 3735 B,
570 3668 691 3721 aduertit
713 3669 738 3723 T
822 3666 986 3735 delinquisse
1004 3664 1030 3718 Β
1126 3664 1159 3719 14
1177 3681 1219 3719 ex-

83 3768 174 3818 esas-i
193 3762 220 3817 L
319 3762 351 3817 16
369 3776 422 3831 que
440 3762 467 3817 Β
556 3761 685 3830 dignatus
704 3777 730 3815 es
750 3761 793 3815 Pb
893 3760 923 3813 li
943 3763 1076 3813 caeterum
1095 3756 1153 3813 LV

84 3885 185 3952 me1ee
203 3884 246 3937 so
343 3886 418 3937 neu
437 3883 464 3937 n
568 3882 758 3937 remiseras
861 3847 937 3936 reis
960 3880 991 3946 V,
1010 3882 1075 3934 mr„
1092 3881 1132 3946 n,
1151 3878 1219 3935 mnus

85 3988 113 4040 Β
212 3986 392 4040 salutationes
411 3986 450 4041 L¹
555 3987 744 4057 mestitias]
765 3986 819 4055 legi
836 3984 902 4040 ced.
922 3985 1082 4052 BLPTVb,
1107 3985 1219 4039 initium

86 4087 118 4135 ut
135 4075 250 4135 uidetur
273 4080 484 4149 subscriptionis
507 4082 644 4147 famulae
669 4082 747 4136 mese
769 4080 919 4151 cemipium
941 4081 968 4134 Β
1003 4082 1084 4134 amm
1105 4080 1139 4133 io
1161 4079 1219 4145 fine

85 4175 227 4230 Dictionis
252 4172 334 4229 XXI
351 4174 485 4240 fot.179'
506 4176 610 4231 exstet
636 4190 780 4231 ssuomvs
802 4190 952 4230 suusnuvn
977 4190 1060 4231 usnur
1083 4190 1135 4229 oso
1158 4188 1218 4229 uuo

86 4284 213 4326 ursanus
