2992 4967
1173 358 1244 415 xm

161 532 323 601 Uictorem
351 531 527 615 nuperrime
561 530 659 598 edidit
686 528 853 597 Carolus
883 530 1066 597 Halmius
1095 530 1128 597 in
1154 530 1243 609 libro,

118 634 209 702 cuius
233 634 346 701 titulus
368 635 432 700 estz
454 634 602 701 ‘Victoris
617 632 756 699 Vitensis
771 632 903 698 historia
922 632 1147 717 persecutionis
1158 632 1245 701 ahr-

117 756 215 803 cenae
243 720 423 819 prouinciae
452 736 509 803 snb
533 736 688 803 (leisedoo
717 738 749 801 et
770 735 922 803 Hunirico
951 736 1077 821 regibus
1102 736 1244 803 Wanda-

116 842 221 907 lorum
247 841 462 924 (Monumenta
477 840 660 907 Germaniae
682 840 841 907 historica.
864 838 1037 906 Arctorum
1061 828 1245 923 antiquissi-

117 962 241 1010 morum
279 944 358 1009 tomi
390 963 432 1011 111
464 964 536 1029 pars
572 943 680 1029 prior).
727 943 870 1009 Berolini
906 947 988 1027 apud
1022 942 1244 1011 Weidmannos

117 1050 403 1114 nrxrcccuxxvurxr.²
431 1050 500 1115 Hae
523 1050 657 1115 editione
678 1068 729 1115 me
751 1066 938 1132 magnopere
959 1048 1103 1113 adiutum
1124 1066 1189 1113 esse
1211 1048 1246 1113 iu

117 1150 223 1215 uerbis
246 1152 381 1218 auctoris
402 1151 607 1217 restituendis
631 1150 766 1237 ingenue
780 1150 892 1216 fateor.
920 1147 1004 1214 Nam
1019 1148 1081 1215 etsi
1095 1149 1245 1233 quaedum

116 1252 223 1319 minus
251 1257 335 1319 reete
363 1254 523 1337 scripsisse
552 1252 779 1319 existimandus
808 1254 854 1317 est
884 1253 933 1317 uir
962 1252 1178 1332 doctissimus,
1209 1272 1245 1319 ea

119 1358 276 1423 mehercle
298 1354 469 1425 minutiora
491 1360 566 1424 sunt
587 1377 688 1442 neque
711 1357 759 1423 ita
780 1359 972 1439 comparate,
1000 1360 1037 1423 ut
1058 1356 1157 1423 labori
1179 1355 1245 1421 eius

119 1463 212 1544 atque
224 1462 361 1529 acumini
372 1463 498 1528 laudem
509 1462 629 1546 possint
644 1462 816 1531 detrahere.
832 1463 909 1545 Quis
921 1464 1004 1528 enim
1014 1480 1076 1528 non
1088 1460 1245 1527 interdum

118 1564 279 1631 laberetur
301 1566 333 1631 in
352 1566 467 1633 edendo
484 1568 633 1650 scriptore
656 1572 834 1633 suetorum
850 1584 960 1633 norma
981 1566 1014 1631 et
1033 1584 1146 1651 genere
1167 1566 1245 1630 scri-

120 1667 216 1733 bendi
235 1686 359 1751 prorsus
380 1669 492 1749 alieno,
516 1669 604 1735 cuius
625 1688 726 1736 sermo
748 1674 816 1735 tam
831 1670 917 1736 rudis
932 1670 1086 1751 astatque
1101 1668 1243 1753 agrestis,

120 1776 157 1837 ιιι
179 1772 276 1839 bonae
299 1773 466 1840 latinitatis
481 1774 617 1858 uestigia
631 1772 792 1856 supersint
805 1792 900 1856 paene
922 1773 1021 1851 nulla,
1043 1771 1140 1837 uerba
1154 1788 1246 1853 saepe

121 1876 188 1939 tam
200 1877 337 1955 obseura,
354 1878 391 1941 ιιι
405 1876 545 1961 intellegi
557 1878 610 1942 uix
622 1881 747 1960 queant,
763 1877 918 1943 librorum
933 1875 1063 1959 denique
1075 1873 1169 1940 lectio
1180 1878 1246 1939 tam

121 1978 255 2059 diuersa,
278 1983 314 2045 ιιι
336 1980 368 2045 te
390 1978 433 2045 ‘in
449 2000 482 2045 re
497 1980 607 2047 critice
622 1980 787 2047 tractanda
806 1984 889 2046 certo
904 1981 991 2059 duce,
1016 1997 1109 2062 quem
1122 1976 1245 2060 potissi·

121 2101 211 2147 mum
226 2100 364 2165 sequare,
387 2082 575 2149 destitutum
592 2084 666 2149 esse'
688 2088 717 2149 et
734 2083 865 2149 moleste
880 2083 962 2149 ieras
981 2085 1013 2147 et
1028 2080 1143 2147 doleas.
1166 2079 1247 2147 Mihi

121 2184 249 2267 quidem
264 2184 400 2251 Uictoris
422 2202 498 2268 opus
520 2186 641 2252 edituro
662 2186 695 2253 id
717 2185 916 2269 potissimum
930 2204 1046 2250 munus
1068 2182 1248 2250 iniunctum

121 2306 190 2353 esse
211 2287 313 2371 uolui,
343 2291 380 2353 ut
402 2306 422 2353 a
441 2288 502 2353 fide
526 2304 632 2355 eornm
655 2288 824 2369 librorum,
852 2308 927 2372 quos
949 2289 1085 2373 optimos
1106 2307 1171 2354 esse
1194 2306 1246 2353 oo·

119 2409 301 2475 guoueram,
325 2409 387 2456 non
409 2391 592 2471 recederem,
616 2394 676 2459 nisi
697 2392 752 2459 ubi
774 2395 889 2475 apertis
910 2392 997 2458 uitiis
1018 2392 1053 2457 in
1075 2392 1118 2456 eis
1141 2396 1247 2474 depre-

121 2494 226 2561 hensis
248 2494 287 2559 ad
309 2495 444 2561 alterum
466 2496 607 2561 codicum
629 2514 725 2580 genus
755 2497 917 2580 confugere
939 2514 1060 2562 neeesse
1085 2494 1246 2571 haberem;

122 2616 202 2681 quae
225 2616 298 2663 uero
313 2599 347 2663 in
362 2599 527 2665 uerborum
544 2600 691 2665 contextu
705 2603 790 2665 recte
804 2598 966 2682 scripsisse
981 2602 1035 2664 aut
1056 2598 1247 2665 intellexisse

121 2700 202 2765 mibi
224 2701 310 2767 uisus
333 2718 448 2777 essem,
482 2702 513 2766 in
542 2701 643 2767 indice
671 2702 838 2768 uerborum
866 2705 898 2767 ot
919 2699 1125 2781 locutionum,
1154 2719 1247 2783 quem

121 2824 245 2871 summo
265 2824 336 2869 eum
358 2806 464 2871 labore
479 2804 604 2887 confeci,
628 2826 720 2891 quam
738 2806 922 2890 'plenissime
944 2806 1129 2891 explicarem
1153 2805 1246 2886 atque

124 2907 274 2991 exemplis
297 2908 423 2975 aliunde
446 2909 596 2992 quaesitis
623 2911 833 2994 approbarem

166 3029 347 3111 Antequam
368 3028 552 3112 praefationi
575 3029 670 3095 finem
691 3030 833 3113 inpono,
862 3049 924 3096 non
944 3048 1070 3116 possum
1092 3046 1152 3095 non
1174 3047 1247 3113 gra·

121 3131 184 3197 tias
206 3150 296 3217 agere
324 3132 549 3199 academiae
571 3132 799 3200 litterarum
822 3149 1030 3200 caesareae
1052 3131 1248 3198 Uindobo·

122 3235 255 3313 nansi,
280 3235 367 3300 cuius
389 3235 579 3302 liberalitate
602 3237 681 3301 satis
703 3255 818 3321 magna
839 3237 989 3302 librorum
1004 3254 1101 3301 manu
1115 3238 1248 3317 scripto-

122 3356 195 3402 rum
217 3337 305 3422 oopia
325 3339 404 3406 mihi
426 3342 473 3405 uti
495 3340 599 3420 licuit,
623 3339 735 3406 deinde
758 3341 834 3407 uiris
856 3341 993 3420 eximiis,
1021 3358 1153 3422 quorum
1175 3338 1248 3402 doc·

122 3440 224 3506 trinae
247 3444 278 3506 et
300 3442 488 3509 humanitati
509 3444 700 3527 permultum
726 3443 833 3527 debeo,
856 3442 995 3510 Oarolo
1021 3440 1194 3509 Schenkl
1216 3442 1248 3505 et

123 3544 322 3613 Guilelmo
350 3546 505 3627 Hartel,
533 3548 601 3612 tum
630 3545 777 3612 Iacobo
799 3546 984 3613 Wichner
1013 3542 1247 3612 bibliothecario

124 3646 357 3727 honestissimo,
393 3648 447 3732 qui
479 3650 591 3717 codicis
614 3650 833 3717 Admontensis
855 3651 975 3732 copiam
997 3648 1075 3713 mihi
1097 3647 1189 3725 fecit,
1216 3650 1248 3711 et

124 3748 263 3815 carolo
287 3751 419 3817 Zetter
442 3754 576 3837 collegas
599 3752 794 3831 amicissimo,
820 3755 873 3835 qui
895 3755 934 3819 de
948 3770 1052 3817 sacrae
1074 3749 1248 3833 scripturae

123 3853 202 3917 locis
230 3854 281 3919 uel
304 3854 342 3921 de
363 3856 602 3939 antiquitatibus
624 3854 808 3922 christianis
836 3858 950 3921 iterum
978 3856 1154 3938 iterumque
1175 3874 1247 3921 eon·

124 3957 226 4021 saltus
250 3975 374 4041 operam
395 3959 473 4025 mihi
495 3960 652 4044 egregiam
673 3979 788 4025 nauare
810 3978 871 4025 non
894 3958 1026 4025 destitit.

168 4074 348 4144 Scribebam
365 4081 487 4148 Graecii
503 4082 535 4146 in
552 4080 656 4165 Styria
670 4099 776 4148 mense

330 4182 445 4249 Martio
468 4202 495 4249 a.
520 4184 614 4251 1881.

828 4288 967 4359 Uicbaal
998 4289 1206 4377 Petschenlp.
