2992 4967
585 367 701 422 oresio
721 366 793 422 uxr.
1188 371 1251 438 489

602 554 780 612 murus.

168 677 288 743 Deinde
325 676 484 761 protulisti
520 679 663 760 exemplu
698 682 829 761 puteum
862 677 958 762 digne
990 679 1160 759 proposito:
1196 679 1251 744 sed

121 779 384 864 interpretatione
405 779 574 859 diluerunt,
596 782 687 863 quusi
709 781 796 846 netes
820 797 896 845 osne
917 779 1080 846 desideriis
1101 781 1166 847 tuis
1188 781 1250 846 lor·

95 987 231 1070 smugui
253 985 378 1052 Aeueee
404 985 527 1051 humeri
555 986 701 1068 ponderis
728 986 767 1051 de
790 986 937 1052 creatoris
959 986 1044 1052 iesoe
1066 987 1250 1053 senserunt?

118 1091 179 1156 sut
193 1089 306 1172 pressit
318 1088 420 1155 lilium
435 1103 570 1172 oorpore,
593 1089 684 1154 ouius
698 1089 766 1173 ipse
784 1089 845 1155 luit
860 1105 951 1172 esopo
964 1089 1089 1156 baiulus
1103 1089 1250 1156 notione?

119 1195 173 1259 uis
195 1193 275 1259 seire
297 1194 371 1277 quie
392 1193 469 1276 eripi
492 1194 532 1258 de
552 1191 695 1258 hostibus
717 1193 859 1259 meruit?
887 1197 960 1259 ente
983 1196 1088 1260 oeulos
1110 1195 1249 1260 loentum

119 1297 274 1380 estquod
296 1298 406 1375 uoluit,
429 1314 470 1361 ne
491 1297 647 1382 gruonret,
668 1296 800 1364 eredens
814 1297 873 1363 eibi
888 1297 1082 1380 sepulturam
1105 1311 1249 1380 prooum-

118 1400 225 1466 beutis
248 1399 290 1465 Ili
310 1399 402 1465 ruins
423 1397 591 1483 praestari,
625 1401 659 1466 et
679 1417 718 1465 ne
738 1400 956 1482 procedentem
979 1405 1088 1466 nutum
1115 1402 1182 1466 uite
1203 1400 1250 1465 di-

74 1530 109 1571 so
119 1503 265 1588 gniorem
280 1503 391 1569 senilis
405 1504 548 1569 membre
561 1505 742 1582 retinerent,
765 1521 909 1570 ooousum
926 1503 1065 1570 oluitetis
1080 1503 1158 1568 dixit
1172 1501 1250 1567 sutis

118 1623 191 1672 esso
222 1623 279 1690 pro
310 1605 442 1673 tumulo.
478 1604 535 1671 ille
569 1605 777 1688 praedonibus
810 1609 960 1675 euadente
991 1607 1055 1672 illio
1091 1622 1250 1672 remunero

118 1709 238 1775 uoluit:
261 1711 407 1775 remeasti
430 1712 469 1776 ud
491 1709 627 1794 petrium
648 1713 684 1774 tu
706 1708 827 1776 relioto.
861 1710 936 1793 quid
958 1709 1075 1776 nobilio
1096 1708 1250 1793 Scipionis

118 1829 179 1895 pro
207 1811 347 1896 genitore
369 1830 424 1876 suo
451 1811 536 1878 lueto
564 1815 811 1880 oommemoresl
839 1812 894 1878 ille
916 1831 971 1896 pro
993 1817 1118 1878 enotore
1141 1813 1249 1877 sedulo

119 1915 198 1982 dum
226 1933 260 1979 se
286 1916 412 1998 optulit,
444 1918 548 1980 totum
581 1916 677 1994 dedit,
711 1917 854 1983 sednon
883 1917 1080 1998 oousumpsit
1101 1916 1249 1982 uniuersa

74 2035 201 2102 soquue
228 2017 346 2084 debuit.
382 2035 505 2103 sempor
531 2020 678 2085 uotorum
709 2020 861 2086 bonorum
892 2021 941 2085 ost
963 2037 1056 2086 oeuse
1079 2017 1249 2084 oonsimilis

118 2140 179 2190 neo
200 2121 334 2188 usuros
355 2126 430 2187 suut
451 2121 558 2187 studia
579 2123 795 2208 benignitatis.
829 2123 1015 2207 pronuntiet
1037 2121 1112 2206 quid
1130 2124 1168 2187 de
1183 2121 1248 2186 lilio

117 2229 277 2292 merentur
305 2229 358 2310 qui
386 2245 455 2292 eum
487 2229 526 2291 ed
554 2226 659 2292 offioin
685 2230 817 2293 uetureo
844 2227 903 2294 uisi
932 2229 1074 2293 ooeotum
1102 2224 1249 2291 aestimet

119 2347 184 2395 nou
206 2329 322 2396 uenire.
354 2330 495 2400 uiueulu,
520 2328 581 2394 uisi
603 2347 745 2412 peream,
769 2329 818 2394 lex
840 2329 993 2396 minetur:
1029 2328 1104 2413 quid
1127 2328 1249 2394 refert?

118 2433 159 2498 ud
181 2432 262 2499 huno
284 2451 336 2497 mo
367 2435 620 2498 eonsuetudinem
647 2433 871 2515 suppliciorum
892 2451 912 2498 e
932 2433 965 2497 te
993 2433 1159 2516 proourste
1187 2431 1249 2497 lor·

78 2536 222 2602 someuit
251 2534 459 2611 diuturnitas,
494 2535 640 2617 quumuis
667 2537 761 2618 longa
788 2553 959 2617 poeuerum
988 2536 1156 2600 tolerantie
1186 2551 1247 2598 uon
1312 2600 1318 2617 ,

119 2638 218 2705 molet
239 2639 461 2705 oontumsoem.
499 2641 594 2703 miror
616 2642 737 2717 umen,
760 2639 787 2703 si
809 2637 891 2720 quod
913 2637 1009 2722 effugi
1039 2638 1077 2702 de
1109 2635 1247 2701 herberie

118 2745 212 2826 peter
240 2743 397 2808 intulerit:
429 2741 507 2807 nihil
529 2743 578 2806 est
599 2739 683 2805 undo
703 2740 900 2806 declinentur
921 2739 1109 2825 praedones,
1132 2741 1159 2802 si
1181 2755 1246 2803 sors

118 2845 190 2929 ipse
210 2848 358 2928 sequntur
380 2848 413 2911 in
434 2845 589 2929 putriumz
621 2861 684 2910 une
706 2847 768 2923 est,
791 2844 944 2927 quantum
965 2841 1071 2921 uideo,
1096 2841 1248 2924 genetelis

119 2947 179 3013 soli
201 2951 233 3013 et
254 2948 513 3032 peregrinationis
542 2949 715 3014 aduersitus
745 2965 803 3012 neo
831 2948 937 3030 disper
959 2944 1135 3013 emeritudo
1158 2944 1247 3009 rede-

78 3050 249 3116 ssuntibus
271 3053 305 3116 et
327 3052 469 3134 oeptiuis.
504 3069 702 3135 nequaquem
729 3052 837 3116 temen
866 3052 939 3133 quid
967 3047 1095 3115 intersit
1122 3047 1247 3114 inuenio

119 3171 177 3219 noo
199 3168 278 3237 quse
309 3154 508 3236 potissimum
542 3155 678 3219 oeruioes
712 3171 798 3219 moes
834 3156 945 3218 outone
971 3153 1079 3218 neotet
1106 3151 1245 3236 inquiro:

118 3255 252 3339 rigentis
279 3256 355 3322 ferri
385 3275 480 3323 nexus
510 3256 669 3322 iuourrum
700 3257 757 3322 sut
785 3257 878 3337 gulae
908 3255 1044 3342 ueotigul
1075 3253 1246 3336 exhibeam,

117 3379 183 3425 une
205 3359 344 3425 ooudioio
365 3361 424 3426 ost
457 3360 581 3426 ieiunus
603 3359 709 3445 epulus
740 3358 870 3442 portubo
892 3359 1005 3426 setieto
1027 3361 1072 3440 et,
1096 3356 1178 3441 quod
1201 3357 1248 3421 ost

170 3595 188 3648 3
211 3594 437 3665 interpretntione
459 3595 488 3651 Β
589 3593 778 3649 linitionem
798 3595 839 3650 T¹
942 3596 1119 3648 temserunt
1139 3595 1178 3648 T¹

116 3681 261 3751 lipressit]
279 3684 425 3752 pentesset
441 3682 470 3736 Β
555 3679 847 3749 iquislqusrefort.
933 3679 1119 3749 Bsepulturt·
1133 3682 1162 3749 (p
1175 3695 1245 3736 eros.

115 3785 242 3854 seem)
261 3784 288 3839 u
385 3783 517 3852 nunu,
539 3781 684 3839 misor
775 3781 999 3852 mirensium
1098 3783 1129 3837 11
1148 3769 1250 3840 desi

115 3871 146 3928 L
162 3873 230 3926 Μ
314 3869 420 3926 cumulo
437 3870 478 3924 13¹
568 3870 601 3925 13
618 3883 820 3924 oomruemorem
839 3867 867 3922 Β
885 3867 1102 3936 (menullt
1188 3869 1245 3940 ille]

115 3972 178 4012 oum
201 3955 250 4010 ille
272 3955 359 4012 LTV
457 3955 558 4026 sedulo]
581 3972 630 4010 suo
656 3956 681 4010 Τ
782 3954 815 4010 15
837 3953 975 4024 bonorum]
995 3953 1134 4008 beatorum
1155 3956 1181 4009 Τ

116 4041 342 4099 nunninus
432 4041 607 4096 lduinelob
698 4040 1010 4112 prorumperetur>
1100 4041 1171 4112 quod
1189 4041 1246 4109 Bt,

115 4127 211 4198 quil*
294 4127 330 4182 20
346 4127 460 4197 qumuis
480 4128 506 4181 Τ
589 4142 716 4196 penarum
736 4126 790 4182 TV
872 4126 904 4179 21
923 4127 947 4179 ei
964 4125 1001 4193 Β,
1027 4126 1081 4180 uisi
1098 4127 1182 4182 LTV

115 4213 152 4269 22
175 4213 356 4282 prosdotioues
383 4213 408 4267 Τ
507 4227 565 4267 sore
583 4213 608 4282 (r
624 4214 658 4268 tu
674 4212 790 4284 rooth
893 4211 927 4265 23
949 4213 1076 4280 genitalis
1099 4213 1180 4269 ΜΨ

116 4299 151 4355 27
170 4299 260 4368 guilse
277 4298 306 4353 B
403 4298 438 4353 28
454 4297 573 4353 conditio
592 4298 675 4353 LTV
770 4297 877 4367 sepulte
894 4296 986 4362 BLV,
1013 4302 1086 4368 eplss
1105 4300 1131 4353 Τ
