2992 4967
385 339 622 409 Epistularum
641 341 730 397 liber
747 340 809 397 vn.
1095 343 1166 409 181·

28 526 161 595 domine
183 528 239 607 mi,
255 527 389 594 sulutem
404 529 593 597 uberrimam
610 528 715 595 dicens
730 547 846 611 precor,
869 534 905 596 ut
920 528 1037 597 Christi
1059 532 1157 595 nostri

28 629 198 695 tribuente
225 630 436 696 misericordia
463 631 567 697 crebro
595 631 729 697 salutem
757 635 896 699 uestram
924 634 1040 699 uotiuis
1068 633 1155 712 mibi,

31 731 113 797 dum
136 750 240 797 meam
263 734 422 815 quaeritis,
445 734 596 815 nuntietis
620 734 777 800 affatibus.

552 939 643 1005 XIII.

430 1073 613 1131 ENNODIVS
631 1074 768 1131 ΒΟΕΤῙΟ.

75 1195 112 1261 si
135 1195 270 1263 liberum
292 1198 374 1262 asset
396 1196 551 1280 imperata
573 1196 700 1275 differri,
724 1199 943 1262 concederetur
958 1196 1035 1261 mihi
1058 1198 1159 1263 adhuc

29 1302 221 1363 ornamenta
247 1300 364 1365 silentii
393 1317 453 1364 non
475 1298 589 1381 perire:
617 1316 690 1365 narn
713 1299 940 1365 taciturnitatis
968 1319 1082 1366 munus
1111 1302 1160 1366 est

30 1401 121 1483 quod
133 1420 196 1466 non
206 1402 411 1467 inhumanum
424 1402 509 1485 loqui
520 1420 570 1467 me
583 1420 673 1484 posse
685 1401 871 1468 credidistis.
887 1402 993 1467 uidete
1006 1406 1159 1485 quantum

32 1506 168 1587 linguae
184 1506 311 1588 genium
327 1523 386 1570 uon
400 1524 508 1588 pressa
524 1505 698 1570 contulerit.
722 1507 776 1570 sed
793 1522 842 1569 res
858 1507 907 1569 est
921 1505 1012 1570 uacui
1026 1506 1161 1589 pectoris

6 1638 11 1664 ι
30 1606 219 1690 periclitata
240 1608 376 1673 remedia
397 1627 458 1675 non
476 1610 591 1673 tenera.
616 1608 682 1690 agit
696 1609 846 1673 sermonis
862 1625 943 1685 curo,
966 1626 1004 1672 ne
1020 1607 1160 1689 promul·

32 1711 147 1793 gantis
169 1711 287 1777 celetur
309 1711 450 1789 inscitia,
480 1710 601 1793 quando
632 1708 689 1775 otii
718 1712 806 1777 labor
827 1711 963 1793 gloriam
989 1710 1159 1793 intercipit.

33 1832 108 1879 eoos
137 1830 193 1896 ego
216 1812 274 1877 ille
303 1816 377 1879 anta
408 1812 623 1895 probationem
651 1812 796 1878 laudatus
822 1813 937 1879 subdor
965 1814 1100 1878 examini
1127 1815 1161 1878 et

34 1915 134 1980 ferias
157 1932 256 1993 meas,
286 1936 324 1980 ne
353 1915 458 1982 uideor
486 1914 715 1997 praedicatione
738 1917 864 1999 dignus,
897 1917 1050 1998 inrumpo.
1086 1933 1160 1981 nam

33 2022 114 2085 dum
141 2018 303 2084 humilitas
327 2018 429 2085 reddit
451 2018 643 2101 obsequium,
667 2021 835 2102 impetrata
849 2038 903 2102 per
925 2019 1086 2085 silentium
1100 2038 1162 2085 non

15 2122 202 2188 habemus.
228 2124 263 2185 tu
285 2121 318 2185 in
333 2140 394 2200 me,
418 2122 670 2187 emendatissime
690 2122 861 2197 hominum,
885 2122 1022 2205 dignaris
1037 2124 1160 2205 proedi-

35 2244 109 2293 csre
132 2225 277 2303 uirtutes,
301 2243 394 2307 quem
416 2224 551 2290 ioannis
568 2226 740 2307 puerilibus
756 2228 821 2291 sine
844 2226 958 2291 aetatis
973 2225 1161 2308 praeiudicio

35 2329 198 2393 industrio
230 2328 303 2394 lecit
331 2328 509 2411 antiquum,
544 2329 597 2411 qui
625 2349 678 2413 per
708 2329 904 2413 diligentiam
932 2330 1044 2412 imples
1072 2348 1162 2395 omna

35 2435 121 2515 qnod
145 2432 285 2515 cogitur,
308 2433 357 2497 oui
379 2432 459 2497 inter
481 2434 566 2497 uitae
589 2432 712 2496 exordia
733 2433 825 2498 ludus
848 2436 895 2497 est
916 2433 1059 2498 lectionis
1082 2433 1161 2499 assi-

35 2536 145 2600 duitas
169 2542 200 2599 et
223 2536 351 2600 deliciae
372 2536 466 2601 sudor
495 2536 630 2613 alienus,
660 2537 693 2600 in
720 2536 808 2600 ouius
837 2535 984 2601 menibus
1005 2536 1162 2619 duplicato

1 2639 112 2721 ooigne
129 2638 240 2703 rutilet
255 2656 315 2719 qua
330 2640 449 2704 ueteres
466 2638 533 2703 face
549 2638 711 2703 fulserunt,
734 2658 806 2703 uam
823 2640 904 2721 quod
927 2639 981 2703 uix
995 2640 1163 2704 maioribus

35 2742 124 2806 circa
147 2740 376 2805 extremitatem
400 2740 484 2805 uitae
506 2740 649 2823 contigit,
672 2738 729 2804 hoo
752 2738 811 2805 tibi
828 2740 966 2807 abundat
986 2741 1021 2806 in
1043 2741 1161 2806 limine.

36 2862 114 2909 uere
137 2842 248 2907 dedisti
264 2842 398 2925 pretium
419 2842 602 2924 loquacitati
626 2861 722 2926 mese,
745 2841 821 2906 dum
837 2840 1064 2907 desiderantem
1088 2858 1162 2908 con·

36 2948 147 3029 loquia
168 2947 287 3028 primus
310 2946 496 3028 aggrederis.
528 2946 661 3029 contigit
683 2964 764 3010 noua
783 2962 833 3009 res
848 2944 985 3027 garrulo,
1007 2946 1044 3010 ut
1066 2964 1163 3028 usque

37 3050 117 3116 adeo
126 3049 353 3133 produceretur,
368 3050 465 3114 donec
475 3047 755 3131 erigerentsoripta
765 3064 957 3130 responsum.
972 3048 1162 3132 deogratias,

2 3155 96 3235 requi
118 3152 250 3218 occultis
272 3150 438 3217 itineribus
467 3150 504 3216 de
533 3150 697 3233 propinqui
719 3168 775 3213 uos
803 3151 979 3216 necessario
1000 3149 1163 3215 affectione

42 3254 245 3321 commonuit.
290 3272 362 3319 ecce
383 3252 524 3337 geminae
547 3270 656 3319 causas
678 3252 813 3318 iniuriae
836 3255 899 3319 iam
929 3254 1059 3319 tenetis:
1090 3271 1163 3318 nam

38 3360 208 3443 postquam
230 3358 363 3439 agrestis
386 3359 515 3436 innotui,
539 3376 702 3440 praesumo
725 3355 827 3423 dicero
847 3374 899 3421 me
913 3358 1083 3438 parentem.
1107 3356 1163 3419 do·

38 3461 125 3526 minc
148 3460 211 3536 mi,
246 3460 360 3525 salutis
382 3460 518 3526 officium
547 3461 650 3525 dicons
681 3477 784 3543 spero,
819 3459 854 3523 ut
881 3459 962 3523 circo
987 3458 1163 3523 litterarum

92 3700 170 3753 lmi
196 3698 232 3765 Τ,
261 3698 331 3751 mihi
354 3698 410 3752 LV
511 3698 601 3753 dicens
624 3712 674 3752 om.
692 3696 720 3751 L
824 3697 928 3767 christi]
949 3696 992 3750 dei
1012 3695 1095 3750 Sim.

38 3784 107 3839 lut
125 3783 216 3839 crebro
234 3783 294 3839 LV

91 3888 172 3943 xm.
207 3888 224 3942 6
250 3888 351 3942 librum
373 3887 400 3941 L
502 3888 659 3943 conderetur
680 3865 727 3942 L'
813 3885 901 3941 adbuc
922 3884 990 3939 mihi
1014 3884 1095 3940 Sim

43 3978 72 4030 ll
93 3974 191 4031 insitis
209 3974 235 4028 P
336 3974 369 4028 18
390 3973 522 4043 copiatur
540 3976 595 4041 (ten
614 3975 695 4040 eros.)
713 3972 740 4027 L
844 3972 877 4025 19
901 3969 1099 4041 duppliootoT

41 4062 75 4116 ‘lo
94 4062 166 4117 iesca
191 4060 220 4128 V,
247 4060 388 4117 lasceLT
479 4060 670 4117 allaboraret
690 4060 716 4115 Τ
808 4058 955 4113 lumineT
1043 4058 1077 4113 26
1095 4072 1164 4113 oom-

41 4134 130 4219 mourc'
144 4164 229 4219 sona
315 4163 518 4219 orrnnocncu
601 4159 839 4217 mancosos
928 4158 1096 4215 maruno

41 4250 169 4307 salutatis
187 4249 240 4317 Bb,
265 4250 378 4305 salutati
395 4250 459 4316 fort.
