2992 4967
285 350 348 418 302
569 362 572 371 ¹
642 346 756 414 Magni
774 344 900 399 Felicis
919 342 1050 398 lianodi
1150 340 1153 344 ’

287 538 394 622 digitis
417 536 578 620 exigantur
593 534 708 600 oblata.
736 532 913 600 Samuelem
929 532 1029 598 etiam
1046 532 1228 615 prophetam
1244 530 1414 597 mirificum

284 642 323 707 do
345 638 551 705 conscientiae
580 659 654 706 suae
685 640 854 706 serenitate
885 638 975 721 uulgi
997 636 1104 702 dicitis
1125 636 1301 718 implorasse
1322 636 1413 700 testi·

284 744 435 810 monium.
467 742 541 827 quid
563 746 644 809 enim
669 741 796 810 Samuel
818 742 921 806 disits
943 740 1022 805 scire
1046 737 1218 817 dominnm,
1242 740 1326 821 qnod
1341 736 1413 802 nul-

284 848 345 912 lius
368 865 517 929 umquam
535 848 756 926 substantiam,
779 845 895 911 nullius
909 860 1004 928 pecus
1019 842 1188 926 abegisset,
1212 842 1413 906 aduersatnm

284 968 317 1015 se
339 949 518 1017 muneribus
542 952 588 1029 et,
623 952 705 1035 qnod
729 954 776 1016 est
797 966 891 1033 supra
912 948 1085 1023 bominem,
1120 945 1232 1029 sponte
1253 945 1444 1009 uenientias

285 1052 366 1118 dona
388 1052 513 1130 uitasse,
537 1054 701 1137 prouidens
718 1052 850 1129 scilicet,
873 1071 912 1116 ne
927 1070 981 1134 per
996 1050 1206 1135 suspicionum
1222 1047 1414 1130 praeiudicia

286 1156 438 1239 opinionis
462 1156 577 1222 damna
598 1156 767 1241 pateretur.
790 1158 986 1239 postremum
1001 1153 1058 1217 snb
1073 1152 1182 1217 diuina
1202 1151 1415 1216 adtestatione

284 1258 431 1342 patefecit
446 1258 666 1337 innocentiam,
688 1276 726 1324 ne
742 1258 913 1323 humanum
929 1254 1048 1321 subiret
1064 1274 1203 1321 examen.
1234 1254 1415 1337 redemptor

284 1364 390 1427 noster
411 1360 573 1443 iudicium,
597 1362 679 1445 quod
701 1363 783 1426 inter
805 1378 838 1426 se
860 1361 893 1425 et
914 1360 1043 1424 uincam
1061 1374 1153 1423 suam
1167 1358 1256 1440 optat
1278 1358 1413 1426 euenire.

284 1464 358 1529 dum
381 1466 488 1530 uestra
510 1465 544 1529 in
566 1464 721 1549 praesenti
743 1464 868 1546 negotio
889 1463 974 1527 mala
988 1461 1123 1545 respicit,
1146 1462 1247 1545 magis
1262 1460 1445 1544 inplorata

286 1572 412 1635 sanctus
434 1568 626 1634 Athanasius
649 1567 878 1633 Alexandrinae
900 1566 987 1631 urbis
1010 1568 1186 1650 episcopus,
1214 1564 1290 1629 dnm
1312 1564 1413 1646 parti·

285 1673 388 1754 cipum
411 1676 589 1737 uestrorum
611 1673 795 1751 argueretur
816 1668 944 1748 inuidia,
969 1685 1137 1753 agnoscens
1158 1667 1220 1733 sibi
1234 1685 1291 1751 por
1305 1669 1413 1732 eontu-

283 1774 446 1840 meliarum
477 1774 712 1840 multitudinem
742 1775 922 1838 exercitium
945 1772 1136 1857 contingere,
1170 1788 1230 1836 non
1253 1772 1413 1847 timorem,

283 1896 355 1941 uere
376 1879 417 1943 ad
439 1895 566 1943 coronae
599 1876 736 1959 pretium
770 1876 871 1941 iunxit
903 1876 984 1959 quod
1008 1879 1045 1943 de
1069 1876 1223 1959 dignitate
1252 1874 1412 1952 submisit

284 1982 315 2044 et
348 1982 421 2045 ants
454 1980 616 2045 caelestem
644 1979 682 2045 de
715 1981 909 2045 absolutione
943 1978 1132 2045 sententiam
1165 1996 1334 2063 personam
1366 1977 1444 2043 reia

284 2083 479 2148 innocentiae
502 2082 603 2148 bonus
627 2085 810 2149 aestimator
824 2084 967 2167 inpleuit.
995 2085 1041 2149 sic
1057 2084 1139 2150 enim
1155 2082 1275 2149 (ibristi
1291 2080 1410 2146 milites

284 2188 394 2253 sudore
418 2206 472 2252 suo
495 2188 646 2252 bonorum
670 2186 731 2252 sibi
748 2188 940 2252 incrementa
955 2188 1146 2271 parturiunt,
1176 2187 1251 2250 dnm
1267 2200 1410 2250 concessa

284 2290 409 2375 fastigia
439 2290 568 2355 celsiore
597 2290 779 2357 humilitate
809 2290 980 2373 castigant,
1014 2291 1087 2355 inde
1118 2292 1247 2355 landum
1271 2288 1410 2353 cumulos

285 2394 461 2471 mercaturi,
485 2396 567 2459 unde
588 2392 715 2476 indepta
730 2393 868 2459 culmina
881 2394 1010 2459 sublimi
1030 2395 1182 2478 parcitate
1198 2393 1409 2456 moderantur.

285 2496 335 2560 sed
360 2495 501 2577 quamuis
526 2498 650 2562 beatum
673 2497 884 2563 Athanasium
907 2497 1047 2563 Romarm
1074 2495 1227 2574 antistiti,
1257 2494 1441 2578 qnantumso

284 2616 372 2663 nosse
394 2599 496 2675 datur,
519 2598 659 2683 inparem
682 2600 768 2665 locus
796 2599 953 2684 ostendat,
989 2600 1078 2664 facto
1094 2600 1202 2663 tamen
1223 2598 1256 2661 in
1277 2596 1409 2681 negotiis

285 2707 499 2784 conparantur.
534 2701 588 2768 ille
612 2706 737 2785 praesto
760 2702 823 2766 fuit
844 2700 1017 2766 iudicibus:
1039 2702 1108 2793 iste,
1132 2701 1334 2783 quantumst
1356 2716 1409 2764 uos

285 2805 398 2886 dicitis,
422 2806 598 2870 aduocauit.
633 2806 687 2871 ille
708 2806 898 2869 intentatam
915 2804 1139 2870 discussionem
1154 2808 1191 2868 ut
1206 2804 1256 2868 dei
1271 2802 1409 2867 famulus

283 2927 344 2973 non
366 2908 498 2991 refugit:
522 2910 580 2973 ista
603 2908 756 2989 triumphi
779 2909 826 2971 sni
848 2907 982 2989 spemin
1000 2908 1210 2972 discussorum
1227 2904 1409 2971 collectione

286 3010 459 3076 constituit.
497 3011 551 3075 sed
584 3011 658 3093 quid
694 3010 741 3074 his
775 3009 897 3093 longius
931 3009 1158 3076 conlationibus
1192 3009 1439 3074 inmeremnr‘ra

335 3268 347 3319 1
376 3264 494 3333 diligitis
520 3264 557 3319 L¹
667 3263 760 3320 oblata
786 3268 813 3333 (o
836 3266 869 3320 r'rr
890 3269 957 3334 ras.)
987 3268 1012 3321 T
1121 3266 1286 3323 samuhelem
1313 3267 1341 3323 R

281 3350 412 3421 profetam
430 3350 515 3406 BLV
604 3352 760 3407 3samuhel
777 3352 805 3407 R
894 3354 1024 3423 apecem
1045 3354 1079 3410 Τ1
1164 3353 1296 3422 abigiaset
1312 3353 1340 3408 B

281 3438 363 3506 ipro
380 3454 407 3491 m
510 3438 688 3507 suspitionum
715 3438 775 3493 lim
879 3438 1039 3508 praeinditio
1062 3440 1098 3504 R,
1128 3439 1290 3509 praeiudicio
1313 3456 1340 3494 m

281 3532 297 3584 7
324 3531 439 3602 dampna
465 3532 493 3587 R
595 3534 613 3587 8
637 3532 813 3602 redemptoris
839 3549 865 3586 m
973 3533 991 3587 9
1016 3536 1103 3588 nostri
1128 3534 1187 3590 am
1292 3537 1322 3591 11
1350 3539 1407 3589 ata·
1475 3548 1479 3551 ’

281 3652 374 3706 nasius
393 3652 480 3708 BLV
575 3654 606 3707 12
623 3626 797 3726 argueturL
901 3655 934 3709 13
951 3654 1073 3710 timorem
1093 3658 1292 3724 (creminras.)
1316 3656 1344 3709 V

283 3747 316 3799 14
342 3745 376 3800 ad
398 3763 512 3802 ueraec
625 3748 743 3816 precium
769 3746 881 3803 sauss
988 3748 1080 3819 iungit
1104 3749 1131 3802 A
1245 3750 1278 3804 16
1304 3751 1405 3805 milites

282 3866 377 3921 christi
394 3868 480 3923 uam
594 3868 625 3923 11
649 3832 743 3921 sudare
763 3867 790 3935 (b
808 3884 830 3921 a.
847 3868 866 3921 l.
883 3884 919 3925 su,
935 3869 967 3936 2)
988 3871 1015 3922 A
1119 3885 1166 3927 suo
1183 3870 1318 3928 honorum
1336 3873 1407 3928 Τίνι

281 3976 336 4013 raa.
439 3963 473 4017 la
499 3962 622 4017 cumulus
649 3963 677 4017 Β
781 3963 813 4017 19
840 3960 993 4017 moderante
1015 3963 1043 4019 a
1145 3966 1181 4019 20
1203 3968 1356 4022 atanasinm
1378 3968 1405 4021 B

283 4052 339 4107 LV
443 4069 582 4111 romanum
609 4056 763 4112 antistitem
790 4057 845 4112 AR
956 4060 988 4113 21
1015 4059 1090 4113 locas
1116 4065 1140 4126 (s
1163 4062 1195 4115 ia
1216 4065 1287 4132 rar.)
1316 4064 1342 4117 Y

281 4140 554 4315 deRdTispp's'ionemB
666 4180 700 4233 24
719 4180 884 4249 triumphum
904 4197 981 4236 snum
999 4200 1025 4237 m
1128 4200 1200 4253 spem
1218 4185 1255 4253 B,
1283 4202 1334 4242 om.
1353 4186 1406 4241 Ar:

416 4278 441 4315 ra
