2992 4967
535 321 651 377 ureris
669 321 772 378 nunu.
1152 313 1216 392 47t

78 512 252 595 acceperit
286 511 351 578 iam
385 511 503 577 dudum
532 528 551 575 a
579 515 612 576 te
644 511 704 576 ista
737 529 792 593 per
824 511 987 577 audatiam
1019 513 1216 596 praesumptu

78 616 172 700 suut,
196 633 267 682 anm
281 633 384 680 aream
398 614 540 679 institiae
553 613 735 698 pretligater
747 613 883 692 intrasti,
900 613 949 679 his
965 617 1003 680 ad
1020 615 1215 681 demnatum

79 721 217 784 euentus
237 717 405 803 suffragiis,
427 715 541 800 quibus
562 716 596 780 in
618 716 719 782 altere
739 716 879 782 statuam
894 715 1066 782 contulisti.
1091 735 1217 783 neeesse

78 823 146 900 est,
169 821 356 905 amplissimi
376 821 555 899 homiuum,
583 819 745 884 uniuersus
769 819 873 884 lunera
894 819 975 901 qued
997 817 1130 897 inerint,
1158 837 1216 886 nee

46 923 213 990 sutiliter
249 925 310 989 uisi
344 922 385 987 ab
422 922 593 988 emendatis
629 923 828 1006 surriguntur
866 933 1018 987 excessus.
1066 923 1216 1007 prodigus

77 1026 202 1091 frontis
231 1028 280 1090 eat
307 1027 361 1109 qni
390 1027 566 1108 punitorem
593 1025 673 1091 mall
702 1025 801 1091 eredit
822 1024 995 1091 latinorum
1018 1026 1215 1092 seeteturem.

77 1130 199 1196 iudieis
220 1130 410 1195 canscientia
430 1128 658 1212 aenstmnm'tnr
674 1129 858 1193 nenessitate
873 1127 985 1193 serrati
1000 1130 1032 1193 at
1048 1145 1107 1193 non
1123 1129 1216 1212 putat

76 1233 220 1298 liberum
242 1232 448 1298 condemnare
469 1231 503 1295 in
524 1229 673 1296 subiectis
701 1233 782 1313 qued
805 1230 872 1312 ipsa
893 1247 956 1296 nus
978 1232 1137 1298 dubitauit
1158 1231 1215 1298 ad·

78 1334 222 1400 mittere.
259 1335 386 1418 quantis
414 1334 605 1400 suecessibus
635 1341 690 1398 aut
710 1351 804 1415 quam
827 1333 924 1398 uariis
946 1333 1151 1399 inerementis
1174 1335 1213 1400 ai

32 1440 172 1517 nahusa,
194 1440 317 1504 sentina
338 1439 516 1516 ariminum,
538 1438 720 1520 pertinuisti,
743 1441 780 1502 ιι
794 1436 856 1502 tibi
878 1437 990 1502 liueret
1005 1435 1044 1502 ad
1064 1436 1214 1502 sublimia

78 1541 280 1624 peruenieuti
301 1542 335 1606 iu
356 1543 481 1607 tautum
510 1557 652 1625 pessare,
690 1557 761 1605 aum
783 1541 897 1617 uelles,
933 1545 969 1605 nt
990 1540 1152 1621 probrosus
1174 1541 1213 1604 ad

78 1645 207 1728 potiora
233 1647 345 1710 statuis
371 1645 547 1711 iuuitarssl
576 1645 612 1708 tn
639 1642 801 1708 libertatis
831 1660 974 1726 saporem
995 1642 1067 1707 felle
1090 1642 1215 1708 seruitii

81 1747 292 1814 commutasti:
315 1733 370 1812 ille
393 1747 540 1831 obsequia
562 1747 644 1830 patri
667 1746 773 1811 debita
786 1746 886 1810 uertit
900 1747 939 1810 ael
955 1745 1086 1830 gladius.
1116 1763 1214 1828 quau-

81 1855 156 1915 tum
187 1851 344 1916 laudanda
375 1851 440 1916 siut
472 1867 550 1933 quae
582 1849 716 1915 laesistis
756 1849 911 1914 aduertite
951 1853 983 1914 et
1018 1848 1129 1914 seriata
1162 1865 1215 1914 ere

38 1952 265 2023 madeusantis
292 1953 367 2037 quid
394 1953 551 2019 mereatur
579 1956 669 2036 pater
697 1952 731 2015 et
759 1952 937 2035 ingenuitas
965 1952 1140 2018 aestimate
1177 1954 1213 2016 tn

83 2055 230 2121 absoluta
262 2056 343 2122 sulla
358 2058 443 2139 'iugo
469 2056 664 2121 miserrimae
691 2052 880 2118 eondisianis
910 2055 1095 2140 adstringis,
1129 2055 1213 2135 apud

82 2158 178 2222 illum
200 2159 279 2223 nihil
302 2159 477 2242 praeualuit
498 2161 548 2223 lex
569 2160 715 2224 naturae:
738 2157 797 2223 hoa
812 2158 849 2222 tu
865 2158 947 2224 cirta
969 2159 1105 2242 patriam
1128 2159 1210 2241 geris

84 2262 171 2344 quod
192 2261 302 2326 intulit
322 2262 374 2326 hie
393 2262 531 2344 paranti:
553 2261 586 2325 in
601 2277 637 2326 su
652 2261 784 2326 fortasse
806 2261 959 2328 crudelior
973 2265 1009 2326 tu
1031 2261 1212 2339 credendus,

84 2364 169 2447 quud
199 2362 278 2428 dura
307 2364 440 2448 imperia
469 2365 526 2429 sub
556 2365 649 2430 uitali
678 2365 813 2446 quadam
842 2365 942 2429 morte
972 2364 1132 2448 dispensas
1156 2383 1212 2430 nec

41 2465 163 2545 millis,
186 2465 298 2548 quibus
320 2471 370 2532 est
392 2467 606 2532 desiderabilis
621 2467 734 2545 obitus,
758 2466 847 2548 quasi
867 2467 986 2532 mediae
1008 2486 1103 2533 mann
1124 2486 1214 2551 prae·

85 2573 152 2634 stas
173 2569 321 2635 exitium:
350 2570 403 2635 ille
434 2587 497 2634 uun
519 2588 627 2654 passus
655 2571 829 2651 genitorem
852 2568 883 2632 in
907 2568 1023 2633 munda
1046 2569 1213 2652 subsistere

84 2671 203 2755 pernisi
225 2671 291 2737 istu
315 2672 431 2756 eripuit
458 2672 559 2736 uitam
591 2669 672 2736 lueis
694 2671 823 2735 auctori.
858 2673 959 2736 neseio
981 2687 1043 2752 qua
1066 2671 1130 2736 siut
1152 2670 1213 2736 sri-'

85 2774 208 2840 minum
231 2770 414 2840 diuersitate
436 2775 581 2840 discreti:
606 2774 745 2850 iuterim,
769 2773 796 2837 si
818 2772 921 2855 lineat,
944 2791 1044 2854 paena
1065 2773 1213 2856 iungendi

86 2878 172 2944 suut.
195 2876 223 2942 si
238 2879 270 2942 te
285 2877 366 2943 siras
381 2879 466 2943 aines
481 2878 614 2943 alienius
629 2876 790 2960 supercilii
812 2879 917 2942 tumor
939 2877 1101 2954 eleuasset‚
1125 2894 1213 2942 reum

47 2983 119 3050 nte
141 2978 317 3064 designaret
343 2981 432 3051 laesa
452 2981 629 3048 eommunia
651 2985 683 3046 et
704 2980 845 3062 priuatae
875 2979 1084 3049 abiuratursm
1108 2979 1213 3048 dulue-

86 3082 175 3150 diuis.
200 3083 394 3165 umalama
428 3084 587 3150 nuntiaret
620 3083 742 3150 erectio.
782 3083 810 3148 si
839 3083 893 3150 ille
922 3070 1092 3150 createrem
1124 3087 1213 3150 toruo

87 3185 252 3251 lustrasset
273 3189 401 3268 aspectu
423 3187 563 3270 genitore
586 3187 744 3264 ineolumi,
767 3187 929 3252 habuisset
951 3187 1100 3252 meritum
1114 3187 1212 3271 parri·

87 3287 185 3355 sidae.
219 3289 324 3354 uidete
347 3288 421 3371 qnid
443 3289 574 3379 dignum
595 3288 645 3354 his
667 3289 719 3368 sit,
743 3287 797 3372 qui
819 3291 858 3354 ad
881 3287 1065 3358 delictorum
1087 3289 1212 3373 fastigia

137 3543 152 3597 1
180 3543 308 3614 aeuiperit
333 3543 386 3599 Β·
463 3543 482 3597 2
506 3541 631 3597 iustitiae
657 3542 686 3598 Β
791 3541 808 3596 3
833 3541 925 3595 statua
944 3541 979 3607 T,
1009 3536 1150 3597 stutuaV

86 3627 306 3687 tumeamus
399 3629 471 3700 quod
488 3629 534 3697 (ud
551 3627 678 3694 temti*
705 3688 712 3698 ⁶
769 3625 979 3697 teon-reguntur
997 3626 1025 3681 Β
1120 3627 1214 3682 Beuu-

88 3715 227 3788 dempuare
242 3715 308 3772 latus·
411 3717 443 3771 11
461 3712 542 3770 uallis
560 3715 589 3770 Β
684 3713 827 3785 probrosus
845 3712 873 3767 Β
978 3713 1011 3767 14
1027 3715 1093 3766 snut
1111 3709 1146 3776 V*

88 3800 185 3863 lesistis
201 3799 266 3856 laissi
348 3799 402 3873 ,215
418 3798 663 3872 patsratlpatrum
682 3800 729 3855 Pe
826 3797 952 3854 estimare
971 3799 1004 3853 Β
1110 3798 1143 3852 16
1160 3811 1214 3853 me

88 3905 212 3973 terrim
228 3903 268 3962 13¹
372 3904 532 3964 tunditiuuis
549 3905 616 3962 tetri
719 3904 752 3960 la
774 3903 886 3975 inperia
903 3899 1013 3958 dursT
1112 3889 1214 3960 211222

89 4021 184 4076 munde
213 4022 240 4078 Τ
346 4023 382 4077 22
408 4025 511 4092 sripnst
537 4024 566 4080 Β
669 3993 758 4082 austeri
784 4024 812 4079 Β
914 4012 1095 4078 ussui⁰V·
1149 4023 1215 4077 *suut

92 4142 169 4198 Sim
270 4116 436 4213 ffl‘ueusB
477 4161 481 4171 ¹
538 4141 872 4214 Utummalsuassatl‘
972 4139 1214 4197 tttsmniBiss

90 4245 244 4314 tulisses
327 4248 434 4317 priuata
451 4247 479 4302 Β
563 4249 599 4303 26
614 4247 839 4318 temuitnrbeB
923 4245 957 4299 ii
973 4243 1100 4299 ‘insulensi
1113 4234 1146 4301 ’Β
