2992 4967
465 342 699 412 Epistularum
721 342 809 399 libsr
825 340 904 401 VIII.
1182 346 1247 415 205

123 530 273 615 exemplo.
296 532 451 614 expugnat
467 530 640 597 eumdum
662 530 847 597 tarditatem
869 532 923 616 qui
938 532 1070 599 mam
1085 534 1247 601 ministrat

121 633 228 701 officii.
250 632 307 699 lis.
322 652 399 717 ergo.
415 633 615 700 nlulmlcnis
640 650 755 699 murus
776 635 955 718 inpertiono
972 652 1082 703 smum
1102 653 1161 703 me·
1178 654 1248 704 esee

120 736 194 820 post
215 738 479 820 inuuqmlitslsruc
502 754 597 819 qoam
617 738 825 821 propeccatis
842 754 913 804 sem
935 756 1054 822 passus,
1068 741 1197 806 enuntio
1211 744 1246 805 st

120 841 241 907 sistam
263 843 385 906 uestrae
405 841 622 923 prosperitatis
644 839 785 923 inquiro,
818 858 952 924 sperem
969 845 1006 907 ut
1028 842 1062 907 in
1083 842 1243 909 uniuersi

91 943 273 1010 ssolutions
294 944 419 1014 morsu
436 946 606 1011 intremissa

649 1132 720 1204 llll.

496 1266 653 1323 sensuro
679 1264 869 1323 uuuourvs.

165 1388 262 1471 Apud
290 1388 411 1453 sanctas
444 1389 648 1455 conscientias
683 1406 745 1455 uon
779 1394 874 1473 negat
905 1388 1029 1455 caritati
1059 1390 1171 1456 debita.
1187 1409 1245 1455 sua

121 1489 243 1573 gratiae
266 1490 445 1574 principalis
469 1493 626 1574 occupatio
650 1510 707 1557 uec
722 1491 866 1557 eliminat
888 1490 933 1576 pii
955 1492 1069 1559 umoris
1084 1493 1158 1559 aula
1180 1492 1243 1557 fer·

86 1610 238 1658 rouorcm.
273 1592 487 1662 testimonium
522 1598 576 1661 dat
613 1594 731 1663 solidae
768 1593 935 1661 adlectioni
968 1595 1021 1678 qui
1058 1614 1127 1661 eam
1163 1597 1245 1661 inter

123 1695 338 1777 iupedimenta
351 1696 509 1763 obliuione
525 1716 587 1762 nou
603 1698 718 1765 obruit.
743 1698 956 1764 commendate
974 1699 1052 1764 milri
1074 1698 1243 1782 scriptione

121 1801 261 1868 culmina
282 1804 399 1880 uestra,
433 1818 511 1884 quae
532 1804 605 1867 uoto
626 1802 812 1885 inportunus
835 1801 969 1866 emerui:
996 1802 1137 1868 custodia
1159 1820 1245 1868 com·

121 1903 278 1971 munmuis
290 1903 390 1969 honor
401 1906 449 1969 est
461 1902 660 1987 dignitatum.
676 1902 726 1972 his
737 1895 1245 1987 ergoobsequeni'nssimesalutuns

121 2006 278 2091 epulans
293 2006 456 2072 breuitate
471 2008 659 2091 eemrmqq
683 2008 783 2076 sciens
818 2024 908 2090 posue
930 2010 1094 2090 productus
1116 2008 1243 2084 homeri,

84 2109 246 2177 miserens·
261 2114 299 2175 ud
318 2126 373 2192 pro
406 2128 463 2175 mer
490 2110 615 2177 sonmo
648 2112 766 2194 gratiss
786 2108 946 2188 misistis,
990 2112 1045 2194 qui
1066 2111 1244 2177 molestlsm

121 2230 215 2296 qnam
238 2213 362 2296 perdid,
386 2215 552 2296 autequam
576 2230 646 2279 eam
669 2212 786 2278 meone
807 2212 1000 2295 potuissetis
1023 2212 1180 2280 abstmril.

641 2400 729 2470 VIII.

405 2534 586 2592 mommo
596 2534 756 2591 uincouo
773 2534 966 2591 uumerus.

164 2658 285 2740 Quibus
308 2658 407 2725 modis
430 2658 661 2724 fraternitatem
677 2660 766 2723 tuam
789 2660 828 2724 ad
850 2660 1048 2725 scribendum
1063 2678 1162 2742 quaue
1178 2662 1244 2725 arte

83 2763 296 2840 rosellicitsm,
331 2762 451 2845 quaudo
484 2761 574 2825 homo
607 2762 774 2827 uerborum
805 2761 945 2843 locuples
978 2762 1011 2826 in
1042 2780 1094 2825 me
1116 2761 1243 2828 silentia

118 2865 283 2947 peregrina
305 2862 465 2931 custodis?
487 2864 576 2948 elegi,
600 2865 637 2929 ut
658 2863 744 2946 loqui
760 2865 792 2929 te
807 2864 960 2948 loquendo
983 2864 1096 2930 faciam
1111 2868 1143 2929 et
1155 2864 1243 2930 illam

118 2967 263 3032 Atticam
286 2968 493 3035 erudlticnem
525 2970 563 3034 ad
598 2968 743 3055 epistolas
773 2968 835 3035 alia
856 2968 1042 3051 garrulitate
1064 2967 1243 3050 producam.

119 3069 240 3135 iustum
262 3070 323 3135 luit
345 3072 383 3136 ut
401 3072 448 3137 tot
475 3069 584 3135 diebus
606 3090 625 3136 e
646 3070 850 3155 promissione
872 3072 1037 3147 desisteres
1062 3075 1094 3136 et
1111 3072 1245 3154 qualiter

173 3326 360 3396 imperciens
381 3326 408 3380 Β
437 3295 439 3298 ¹
507 3342 550 3381 me
568 3327 739 3397 essapmasse
758 3329 786 3382 Β
888 3328 911 3382 Β
928 3328 1131 3398 inequalitatem
1153 3329 1179 3382 Β

120 3421 205 3518 pectis
224 3448 252 3502 Β
353 3447 371 3502 4
388 3448 474 3501 uestro
493 3446 520 3503 Β

170 3548 234 3607 VH.
269 3550 370 3618 8aput
386 3550 413 3603 Β
511 3553 631 3605 scanctas
650 3551 677 3604 Β
694 3556 726 3609 at
744 3553 854 3620 saepias
957 3550 1132 3606 conscienciae
1151 3550 1179 3605 Β

120 3638 283 3692 sennensi
300 3636 329 3690 Β
431 3636 681 3707 rumperemus
703 3653 737 3692 erc
755 3654 782 3691 m
799 3641 880 3705 corr.)
901 3638 932 3703 T,
957 3638 1035 3705 iupor
1053 3634 1080 3688 Β
1174 3650 1247 3691 cour·

120 3723 253 3779 mundonis
265 3722 293 3776 Β
361 3722 412 3791 113
424 3722 675 3793 obsequentissimus
686 3721 723 3786 Β,
740 3721 974 3790 obsequentissimi
985 3722 1028 3775 Po
1114 3719 1246 3776 leherici

120 3810 176 3865 BL
262 3808 462 3877 15lacitcsort.
551 3808 583 3862 16
596 3806 901 3877 ᾶίεοεκῐο(<1οσναε.)Β
986 3806 1178 3875 potuissitisB

171 3912 251 3970 VIII.
297 3912 382 3969 Hono
417 3914 561 3984 eptimam
592 3930 652 3969 cam
686 3913 860 3970 orucocdente'.
890 3912 1032 3981 maionpit
1064 3912 1246 3981 incomptiore

122 4001 220 4055 omisso
247 4000 263 4054 b
365 4000 399 4055 18
424 4000 539 4069 hilpidio
568 3998 603 4065 Β,
633 3998 731 4068 elpidio
760 3998 787 4053 L
889 3996 959 4050 disci
986 3996 1023 4063 Β,
1054 3996 1125 4052 diadi
1151 3996 1178 4052 L

122 4087 155 4140 19
181 4087 216 4141 sd
233 4087 265 4156 s.]
284 4085 486 4140 adscribendum
509 4084 548 4151 B,
579 4084 767 4139 ascribendum
789 4083 817 4137 Β
919 4081 954 4135 20
980 4082 1111 4137 solicitcm
1137 4080 1177 4137 Βι

121 4171 255 4242 locuplsps
273 4171 313 4227 Β1
414 4170 583 4226 silleatiaV
684 4171 716 4225 21
735 4171 853 4239 telequi
871 4168 921 4223 Po
1021 4168 1245 4237 dialia11aldna

120 4257 186 4322 sort.
291 4257 430 4327 producem
448 4256 475 4309 B
578 4258 612 4311 23
629 4258 690 4311 tota
707 4256 766 4312 LV
864 4254 1003 4309 desirtsrr‘s
1020 4254 1050 4308 Β-
