2992 4967
1070 421 1221 470 LXXXVII

79 583 148 648 suis
175 583 412 651 oolleetionibus
430 585 597 652 uberrimis
616 605 664 652 me
679 589 727 654 uti
742 607 851 672 passus
866 593 923 671 eet,
947 590 1086 676 collegae
1101 593 1220 674 optimo

80 691 113 750 et
152 686 334 754 doctissimo
372 687 512 756 Catulo
547 690 738 770 Schenkl,
772 692 826 776 qui
856 697 1018 776 praeterea
1047 696 1221 760 carminum

80 790 339 858 emendationem
372 795 497 859 strenue
531 794 669 874 adiumt,
702 796 870 862 Iohanni
903 797 1074 862 Huemer
1101 796 1221 863 Sedulii

79 893 193 960 futuro
216 896 327 960 editori
350 897 507 978 permulta
528 918 578 963 me
598 897 710 964 debere
732 899 868 965 libenter
889 901 1036 984 grateque
1058 899 1221 966 fatendum

80 1000 140 1064 est.
182 998 315 1082 deniqne
346 1003 377 1064 et
407 1000 587 1066 ministeriis
610 1001 745 1085 publieie
781 1002 1102 1087 bibliothecarumque
1129 1021 1221 1086 prae·

79 1101 227 1180 sidibus‚
266 1119 398 1185 qnorum
434 1103 623 1172 liberalitate
662 1105 804 1171 eodioum
840 1108 1096 1172 excutiendorum
1133 1107 1221 1188 eopia

79 1205 167 1270 fante
192 1208 241 1272 eet
263 1207 296 1270 et
316 1206 394 1273 uiris
417 1208 620 1287 iratissimis,
645 1211 681 1272 A.
706 1207 790 1294 lue,
818 1208 856 1274 G.
880 1209 1025 1288 Loeue,
1053 1210 1093 1274 A.
1117 1210 1221 1286 Mau,

80 1308 119 1374 G.
156 1309 307 1394 Meyer,
339 1311 378 1378 G.
410 1312 615 1396 Meyncke,
651 1311 698 1376 W.
733 1313 869 1388 Nolte‚
903 1311 944 1376 H.
977 1311 1220 1396 Sedlmayer,

81 1413 120 1476 V.
156 1412 370 1494 Thumser,
404 1413 461 1480 ur.
494 1414 633 1498 Vogel,
667 1433 799 1497 quorum
832 1433 924 1498 opera
952 1415 985 1480 in
1015 1414 1222 1498 oonqnirenda

80 1519 222 1584 materia
244 1535 318 1582 usus
340 1536 419 1594 sum,
442 1517 596 1582 maximas
619 1517 737 1600 gratias
761 1536 830 1601 ago.
866 1519 922 1582 Fr.
947 1516 1088 1602 Vogel,
1110 1518 1165 1600 qui
1186 1518 1221 1582 in

80 1621 302 1688 Monumentis
333 1619 519 1687 Germaniae
546 1620 724 1686 Enuodium
747 1622 889 1687 editurus
912 1623 968 1704 eet,
993 1639 1118 1686 summa
1139 1619 1221 1684 libe·

80 1726 213 1792 relitate
235 1744 305 1792 suas
329 1727 368 1791 de
389 1726 547 1793 codicibus
570 1725 800 1792 obseruationes
831 1746 955 1793 meeum
977 1725 1221 1792 eommunieauit

82 1849 233 1915 meosque
269 1831 387 1897 indices
425 1829 603 1896 utilissimis
641 1828 865 1896 additamentis
901 1830 997 1896 enrit.
1038 1830 1064 1894 Ι.
1095 1828 1220 1896 Zeoh·

83 1935 250 2002 meister
272 1936 408 2019 optimoe
430 1933 497 2018 spei
520 1933 624 1998 inueni
648 1937 848 2016 praematura
862 1933 949 2000 nobie
964 1934 1065 1997 morte
1079 1931 1221 2016 abrepto,

84 2040 137 2122 qui
161 2041 242 2106 dum
263 2041 335 2104 aute
369 2037 425 2102 hoe
458 2038 536 2102 duos
570 2055 666 2103 annos
700 2036 734 2102 in
759 2036 855 2102 Italia
882 2037 1036 2114 uersatur,
1073 2035 1221 2118 quioquid

87 2141 231 2208 llunodio
259 2142 404 2225 prodesse
433 2142 557 2223 poterat
586 2141 786 2224 congerebat,
816 2157 896 2222 quae
924 2138 1077 2204 debentur
1104 2139 1222 2222 gratias
1274 2154 1278 2165 ·

83 2249 215 2314 reddere
238 2263 298 2312 non
320 2247 386 2310 sine
408 2245 541 2310 maximo
564 2244 661 2309 animi
684 2243 788 2310 dolore
811 2243 874 2308 iam
897 2259 1023 2325 nequeo.

127 2383 334 2452 vindobonae
357 2402 399 2448 m.
421 2381 537 2449 Martio
558 2401 585 2446 a.
612 2381 702 2447 1882.

834 2603 1011 2673 enllelnua
1042 2601 1168 2672 liariel.
