2992 4967
289 369 328 433 14
640 366 756 436 Magni
774 365 902 421 felicis
921 366 1050 420 Enuodi

287 555 438 644 potuerit,
457 555 564 620 taliter
586 572 662 632 rem,
687 557 723 620 de
746 573 807 637 qua
823 552 916 619 fuerit
939 553 1070 633 locutus,
1094 553 1227 621 adtollit.
1251 557 1410 621 crescatis.

286 657 473 741 prouinciae,
498 657 621 722 coitura
636 673 831 722 sermonum:
854 656 916 722 oris
932 659 981 722 est
997 657 1142 742 quioquid
1156 660 1189 724 in
1203 656 1295 743 uobis
1310 658 1411 724 lector

288 759 419 844 stupuit.
442 761 516 826 uber
531 759 632 824 eolum
648 761 679 824 et
695 757 847 825 diuitibus
863 776 939 841 quas
953 761 986 824 te
1000 760 1098 826 iactas
1113 764 1198 827 terra
1212 761 1410 845 palmitibus,

287 881 364 947 quae
392 881 446 946 por
474 862 612 928 modicos
642 862 744 928 suiuus
775 861 965 944 scalpentem
992 865 1083 929 dorsa
1103 864 1204 946 pascis
1225 865 1411 950 agricolam,

287 985 365 1050 quae
386 983 482 1031 nonas
505 966 617 1031 diuites
639 967 671 1030 in
699 965 766 1048 ipso
794 964 1006 1048 proscissionis
1032 966 1141 1050 pandis
1163 967 1302 1051 exordio,
1330 986 1443 1050 quaes

287 1069 432 1154 suscepta
453 1069 593 1152 germina
614 1067 826 1150 multiplicata
848 1085 947 1132 messe
969 1069 1123 1149 restituis,
1146 1068 1226 1134 nihil
1248 1070 1411 1157 tibicom·

287 1191 380 1239 mune
404 1189 475 1239 oum
497 1170 650 1244 maximis,
674 1170 701 1236 si
723 1170 763 1236 ad
784 1172 816 1237 te
838 1173 968 1238 domnus
987 1173 1128 1252 Faustus,
1150 1173 1284 1240 Romani
1306 1174 1411 1239 statne

288 1276 410 1360 eloquii,
441 1295 503 1343 non
524 1293 649 1342 serenus
673 1275 847 1342 accesserit.
888 1274 1095 1342 accedemus
1124 1275 1227 1361 pullae
1253 1275 1411 1360 quondam

288 1397 365 1462 pens
386 1379 419 1445 in
441 1379 601 1445 silentium
625 1379 718 1446 missa
740 1379 889 1459 condicio,
913 1399 991 1463 quae
1013 1379 1100 1446 nulla
1113 1399 1145 1445 ee
1161 1379 1311 1446 hactenns
1328 1396 1410 1444 oom-

287 1481 454 1563 moditate,
482 1483 570 1550 nulia
592 1486 629 1550 ut
650 1485 738 1550 aiunt
766 1483 960 1550 formositate
988 1483 1132 1563 iactauit,
1155 1485 1269 1568 quanto
1291 1481 1442 1568 gaudeto

287 1583 403 1668 ingenii
432 1585 620 1669 priuilegio?
657 1605 733 1670 quae
763 1606 818 1669 per
847 1587 1013 1670 praerupta
1045 1584 1195 1651 connaiiia
1225 1588 1256 1650 et
1283 1586 1411 1669 patulos

288 1688 521 1755 cohaerentium
549 1689 653 1754 hiatus
683 1690 838 1755 montium
868 1690 996 1754 aestiuis
1029 1687 1153 1755 niuibus
1180 1687 1329 1754 miseram
1351 1689 1411 1754 scit

289 1789 431 1856 exhibere
462 1793 670 1870 concordiam,
701 1791 750 1857 cui
779 1809 833 1874 per
860 1791 998 1874 perionis
1025 1791 1229 1873 pendentium
1256 1808 1328 1857 cnm
1358 1791 1411 1857 uia

289 1894 443 1958 cultorum
472 1897 544 1958 ante
572 1898 690 1958 terram
715 1913 772 1978 per
801 1895 939 1977 scopulos
967 1913 1044 1977 opus
1073 1898 1120 1959 est
1141 1894 1292 1960 sominare
1316 1913 1409 1976 qnam

291 1996 440 2079 germina,
459 1997 509 2061 cui
526 1997 715 2062 calamitatis
731 2015 829 2082 genus
845 2002 902 2077 est,
917 1997 1059 2081 riparum
1072 1997 1157 2062 Larii
1174 1995 1307 2063 confinia
1322 1998 1409 2062 canis
1419 2014 1440 2056 a

292 2113 415 2164 ornasse
437 2098 629 2179 nemoribus,
651 2103 687 2165 nt
709 2099 873 2166 subridens
894 2100 1086 2168 inlecebrosa
1106 2099 1225 2166 uisione
1246 2100 1411 2166 dominan-

289 2199 372 2267 tibus
402 2202 517 2268 blanda
545 2201 767 2268 fecunditatem
793 2203 893 2268 fronte
920 2204 1093 2270 mentiatur
1122 2203 1154 2269 et
1181 2203 1214 2268 in
1243 2205 1411 2289 perniciem

289 2305 470 2387 possessoris
499 2305 766 2388 pulchritudinem
789 2308 907 2373 nutriat
929 2307 1165 2385 exsecrandam,
1192 2306 1247 2372 nbi
1273 2307 1409 2388 primum

292 2407 414 2474 fabricis
448 2409 511 2473 suis
538 2427 592 2491 per
620 2409 777 2490 praetoria
803 2409 921 2476 domini
955 2409 1074 2475 tributa
1108 2407 1301 2488 dissoluont,
1336 2411 1410 2475 dum

290 2509 486 2593 antiquorum
519 2511 663 2578 lasciuiae
695 2531 788 2596 parca
814 2513 958 2579 nituntur
992 2512 1175 2597 frugalitate
1201 2529 1346 2595 reparare
1380 2515 1440 2578 etro

291 2612 488 2698 profligantia
515 2615 735 2696 patrimonium
762 2615 871 2681 fulcire
898 2617 1051 2682 culmina:
1082 2615 1299 2701 indigenarum
1321 2615 1411 2698 copia

290 2716 329 2782 ad
360 2717 419 2783 hoc
447 2719 572 2783 tantum
600 2721 738 2798 semota,
774 2721 812 2784 nt
839 2719 991 2784 functioni
1018 2720 1161 2801 publicae
1183 2722 1410 2804 peraequatoris

289 2820 385 2886 etiam
406 2823 480 2888 uota
502 2822 720 2888 transcendens
735 2839 883 2887 numerus
898 2840 958 2888 non
973 2822 1110 2888 deemet:
1132 2822 1267 2907 piscium
1281 2824 1409 2906 populos
1456 2905 1461 2914 ‚

289 2940 349 2989 non
370 2923 410 2990 ad
433 2925 570 3002 delicias,
593 2929 646 2991 sod
669 2928 707 2991 ad
729 2926 888 2991 horrorem
909 2925 1061 3006 nutriens,
1084 2943 1138 3010 per
1161 2943 1235 3009 qnos
1261 2925 1409 2991 dietim

292 3027 366 3109 quid
395 3027 493 3093 laudis
523 3029 682 3110 captorum
711 3026 789 3093 aiibi
816 3045 906 3111 sapor
925 3031 1098 3094 mersatur:
1134 3027 1191 3093 nbi
1212 3046 1264 3093 aer
1285 3028 1440 3110 plunims

293 3129 465 3212 perenniter
488 3131 520 3195 et
541 3131 646 3196 minax
673 3132 795 3196 caoinm
825 3134 858 3196 et
886 3132 1038 3214 quaedam
1060 3131 1146 3196 nitas
1169 3131 1233 3195 eino
1255 3133 1322 3196 tota
1345 3131 1409 3196 inco

342 3349 566 3405 lattoilitLTV
657 3351 775 3405 crescitis
786 3349 868 3405 Siron.
964 3351 1142 3420 2pronintiae
1153 3351 1212 3406 LV
1309 3352 1409 3421 4pacis

291 3435 362 3491 LPb
446 3437 463 3491 5
480 3437 517 3504 in]
536 3438 564 3489 et
582 3437 609 3489 in
628 3437 656 3491 P
739 3436 756 3490 6
773 3438 898 3491 restitues
917 3437 944 3491 Β
1029 3438 1046 3492 8
1064 3437 1166 3507 apuliae
1183 3437 1210 3490 Β
1295 3437 1312 3492 9
1329 3454 1409 3507 poene

290 3521 318 3576 Β
408 3521 525 3576 conditio
540 3521 593 3576 ΒΤ
598 3521 621 3575 V
712 3523 820 3576 actenus
837 3521 865 3576 Β
964 3524 997 3576 11
1014 3523 1127 3594 ingenii]
1145 3524 1217 3578 elata
1234 3521 1299 3578 aad„
1318 3524 1345 3577 Β

291 3644 444 3717 patuinus
536 3641 765 3698 nannetensium
784 3641 865 3698 nnn
948 3643 1046 3714 uptus
1064 3643 1118 3698 Pr
1207 3643 1240 3698 ra
1257 3608 1272 3697 ὲ
1288 3658 1307 3715 p
1323 3643 1409 3716 piena

293 3765 463 3837 Toppie
479 3779 534 3818 rae.
646 3779 704 3819 cum
722 3764 779 3833 uia]
795 3765 906 3821 tuiai'
1017 3763 1050 3818 17
1070 3735 1157 3847 ἱζῃιιο
1173 3761 1200 3816 Β
1305 3764 1338 3818 18
1353 3765 1409 3832 pni-

291 3867 449 3922 critudinem
472 3867 525 3922 PT
624 3869 794 3924 mactandam
814 3869 871 3924 PT
979 3867 1013 3923 19
1032 3865 1182 3921 disaolnum
1198 3864 1303 3921 tributa
1323 3868 1349 3922 T

290 3953 325 4008 20
347 3952 470 4007 lasciuiae
493 3952 585 4021 BLV,
614 3952 727 4008 lasciuae
753 3955 789 4020 T,
823 3953 933 4010 lacinias
956 3953 996 4020 P,
1026 3953 1133 4008 lacunae
1156 3951 1186 4018 b,
1215 3951 1409 4010 usnimais

292 4037 431 4104 Sabellam
450 4039 520 4096 adsit
537 4039 709 4106 macedam,
725 4041 849 4110 zonam
866 4040 938 4096 cotim
950 4039 984 4094 oie
997 4039 1074 4094 icoto's
1087 4039 1215 4108 priorum
1228 4053 1409 4107 postcomm

291 4125 456 4198 nepicpcnis'o
472 4127 585 4182 mecum
602 4127 774 4184 micanttbas
877 4128 909 4182 21
932 4124 1113 4197 indig’narnm
1135 4125 1160 4180 T
1259 4123 1294 4179 ii
1311 4125 1409 4195 publice

291 4209 319 4264 Β
407 4213 588 4283 porequatoris
607 4210 634 4268 Β
736 4213 770 4268 23
787 4212 903 4284 populus
920 4212 948 4267 Β
1049 4209 1085 4266 24
1102 4209 1205 4266 diiioias
1223 4209 1251 4264 Β
1345 4211 1409 4280 quod

293 4297 339 4352 Pb
444 4298 556 4355 dicimus
575 4297 602 4355 L
704 4299 739 4354 26
756 4299 926 4370 perhenniter
946 4299 973 4356 ’Β
