2992 4967
263 338 324 402 184
617 334 731 403 Magni
750 332 878 388 Felicis
895 333 1026 389 Ennodi

261 526 351 611 scire,
374 526 466 609 quia,
490 528 631 609 quamuis
654 544 672 590 a
693 546 744 590 me
766 544 936 608 numquam
959 527 1003 591 sis
1025 526 1121 608 nisa,¹
1138 526 1331 609 cognosceris
1353 532 1386 592 et

260 628 425 697 adorandis
438 629 556 694 inserta
567 629 776 694 monumentis
787 630 891 694 radice
902 630 1000 695 animi
1011 629 1077 695 iam
1091 632 1216 696 teneris.
1232 631 1385 713 scriptum

261 732 324 810 est,
356 732 543 796 meministi:
565 733 735 797 laudent
756 735 794 797 ta
816 734 1071 816 proximitui.
1115 749 1189 797 uere
1210 735 1279 798 sola
1306 733 1386 797 milri

261 832 376 900 uellem
400 852 494 900 causa
516 834 661 899 existeret
684 834 805 903 Gallias
828 836 999 916 expetendi,
1027 839 1064 900 nt
1085 849 1157 902 cum
1180 836 1292 901 domno
1316 854 1385 901 meo

259 936 456 1023 presbytero,
485 937 608 1020 utrique
631 936 807 1003 osculantes
829 956 940 1002 manus
963 938 995 1001 et
1017 938 1122 1003 oculos
1143 939 1225 1017 teos,
1257 938 1422 1004 beamont

260 1044 292 1105 te
326 1043 359 1106 in
387 1042 497 1124 qnauis
527 1038 702 1107 adflictione
737 1041 885 1123 temporis
917 1041 1126 1107 redderemus.
1171 1041 1297 1107 domina
1330 1046 1384 1119 mi,

263 1148 391 1228 propter
412 1148 492 1228 quod
515 1146 685 1212 mittuntur
701 1144 860 1229 epistolae,
883 1160 1008 1228 corpore
1022 1162 1074 1210 me
1088 1144 1192 1209 ualere
1206 1145 1386 1229 significans

261 1250 478 1333 prosperitatis
506 1252 628 1315 nestrae
651 1248 770 1315 statum
791 1251 930 1330 requiro,
960 1248 1127 1329 deprecans
1156 1252 1187 1312 et
1214 1268 1269 1331 per
1290 1250 1387 1314 deum

263 1352 439 1432 coniurans,
469 1371 508 1417 ne
531 1369 679 1434 nmquam
702 1350 781 1415 mihi
802 1352 977 1416 orationum
1003 1352 1178 1416 uestrarum
1205 1352 1387 1417 adiumenta

262 1454 433 1537 denegetis.
1396 1478 1422 1517 ro

787 1574 857 1640 XV.

629 1710 814 1767 ENNODIVS
838 1710 1014 1767 adsueto.

302 1817 366 1881 Deo
389 1814 524 1899 gratias,
554 1816 608 1897 qui
636 1816 718 1882 circa
745 1815 993 1898 magnitudinem
1019 1820 1158 1881 uestram
1180 1817 1252 1881 licet
1274 1820 1385 1899 protu-

261 1919 336 1985 lerit
350 1920 466 2004 cupita,
482 1935 543 1985 non
558 1917 704 2000 reppulit.
729 1919 844 1984 etenim
858 1938 896 1983 na
913 1918 988 1983 tides
1000 1918 1152 1985 claudicet
1167 1920 1384 2002 supplicantis,

260 2022 412 2089 desideria
436 2021 630 2103 differuntur,
653 2023 727 2103 quia
751 2022 934 2087 deuenustat
960 2026 1123 2089 secuturae
1144 2021 1314 2086 hilaritatis
1329 2039 1420 2103 ge-re

261 2128 348 2191 nium
370 2125 460 2191 uelox
481 2125 670 2206 impetratio.
700 2126 733 2191 et
754 2142 810 2189 uos
836 2125 963 2207 quidem
985 2126 1115 2190 honores
1139 2124 1297 2203 meruisse,
1321 2144 1385 2191 non

259 2231 383 2311 optasse
406 2228 607 2294 manifestum
631 2231 688 2293 ast.
727 2229 781 2294 sad
802 2229 987 2310 praecedens
1009 2228 1202 2294 concinnatio
1226 2228 1385 2311 eloquitur

258 2334 333 2397 uota
355 2330 551 2415 diligentum.
584 2334 672 2397 nouit
691 2334 884 2413 omnipotens
907 2336 938 2399 et
960 2334 1080 2416 generis
1103 2332 1202 2397 uestri
1219 2331 1289 2397 luce
1312 2350 1384 2414 per·

260 2436 364 2497 motus
386 2436 418 2499 et
439 2437 558 2516 gratiae
582 2455 674 2518 quam
696 2436 829 2518 polliciti
852 2436 928 2501 estis
950 2434 1104 2500 inuitatus
1132 2435 1262 2499 fiducia:
1292 2454 1384 2518 prae·

262 2534 354 2601 cessit
376 2536 410 2599 in
431 2538 586 2621 prosperis
616 2539 729 2604 uestris
752 2538 898 2621 quicquid
920 2555 975 2603 uos
998 2537 1164 2618 disciplina
1188 2537 1242 2601 ant
1265 2538 1421 2602 moene»

261 2638 422 2705 cohibetis.
461 2640 619 2707 sufficiant
641 2642 673 2706 in
703 2641 822 2707 foribus
852 2641 962 2706 stricta
991 2639 1166 2722 conloquia:
1199 2642 1384 2722 respondete

262 2740 300 2805 dc
322 2745 529 2827 prosperitate
550 2746 656 2809 uestra
677 2744 824 2825 sollicito,
846 2741 991 2824 quamuis
1012 2743 1051 2806 de
1069 2760 1173 2807 amore
1196 2760 1257 2807 non
1274 2742 1381 2810 dnbio.

258 2844 383 2911 domine
405 2847 459 2925 mi,
482 2844 682 2911 salutationis
704 2846 902 2928 plenissimae
925 2844 1074 2927 obsequia
1095 2845 1270 2926 dependens
1293 2846 1384 2911 litte·

260 2964 366 3013 rarum
388 2949 574 3031 portitorem
596 2948 787 3023 commando,
810 2949 884 3030 qnia
898 2948 978 3013 milri
993 2947 1053 3012 fide
1076 2952 1107 3012 et
1123 2947 1285 3015 honestate
1309 2968 1383 3015 con-

258 3052 367 3132 pertus
389 3052 451 3129 est,
475 3052 596 3116 uolens.
611 3052 767 3117 uniuersis
790 3051 864 3135 qnid
891 3052 1079 3135 dignationis
1101 3055 1222 3117 uestrae
1250 3053 1384 3118 habeam
1393 3074 1419 3113 es

262 3171 323 3217 non
344 3155 450 3233 taceri,
474 3158 510 3217 ut
532 3158 692 3236 sperantes
715 3158 753 3221 dc
769 3154 942 3219 communia
957 3156 1076 3237 gratiae
1091 3173 1189 3219 messe
1204 3158 1380 3237 pascentur.

361 3310 377 3362 a
397 3306 474 3365 eron.
493 3308 571 3376 aas

312 3447 397 3517 leis]
424 3463 452 3501 se
470 3448 518 3501 Bt
620 3448 833 3502 2monimentis
850 3449 891 3516 (ni
908 3464 943 3501 cc
960 3464 996 3501 nu
1013 3456 1095 3514 corr.)
1112 3448 1140 3503 Ι,
1243 3449 1381 3505 tlanden

261 3534 288 3589 L
381 3532 492 3589 4uslim
504 3534 567 3601 Ba,
585 3534 678 3587 uellim
691 3534 730 3587 B¹
825 3532 932 3589 domino
948 3535 992 3589 Tb
1085 3532 1275 3603 5praeebitero
1288 3535 1314 3589 Β

260 3620 332 3675 fimi
348 3621 453 3689 scripsi,
481 3618 548 3673 mihi
567 3620 691 3675 BLTVb
787 3620 995 3691 tecpsoolecB
1089 3620 1314 3690 8depreecaneB

259 3707 276 3759 9
296 3710 367 3775 dqut
385 3706 420 3771 L,
447 3720 546 3773 uquam
564 3704 592 3759 Β

309 3809 365 3863 XV.
403 3810 436 3865 13
458 3812 575 3863 noemam
600 3811 817 3879 magnitudinem
840 3814 866 3866 Τ
977 3813 1010 3866 14
1032 3812 1134 3883 repulit
1156 3812 1224 3879 BT,
1255 3811 1385 3880 reppullit

260 3895 287 3950 Β
390 3896 423 3949 16
450 3896 578 3951 meruisse
597 3902 614 3951 ll
633 3900 740 3965 optasse
764 3898 791 3951 L
895 3898 926 3951 17
953 3898 1128 3954 manifestum
1145 3898 1172 3953 L
1195 3914 1257 3952 man
1276 3900 1307 3952 io
1324 3914 1384 3954 rus.

258 3980 411 4035 mucoribus
428 3981 527 4036 litteris
630 3983 662 4036 18
689 3982 863 4051 diligentium
891 3984 974 4039 ΜΨ
1075 3983 1107 4039 19
1130 3984 1205 4054 ostie]
1224 3986 1266 4037 est
1286 3983 1314 4036 Β

259 4066 387 4133 praecessi
405 4066 440 4133 B,
468 4067 658 4155 praecessitl'
758 4068 946 4124 mechaberis
965 4070 1014 4124 Bb
1115 4070 1212 4125 stricte
1228 4086 1263 4124 cer
1280 4071 1384 4138 scripta

261 4169 287 4222 Β
326 4254 333 4265 .
355 4170 547 4310 Trespondente
562 4172 605 4227 Bo
703 4171 815 4225 semini
829 4172 931 4227 BLVb
1027 4170 1171 4228 sorenes
1266 4170 1385 4225 ideum-

260 4270 334 4308 mum
