2992 4967
403 396 525 451 Passio
542 398 671 465 septem
689 394 921 451 monachorum
941 394 1013 450 1-6.
1209 394 1270 463 109

147 587 316 671 singularis
338 588 372 652 et
391 587 463 668 puri
476 586 690 670 baptismatis,
714 604 807 669 quem
823 584 968 652 Christus
990 586 1064 651 uino
1085 584 1187 651 neruis
1202 602 1274 653 suso

147 688 317 772 puririoaus
344 687 448 772 praelo
478 690 651 772 exprimens
680 688 782 755 erneis
810 690 927 755 fenerat
949 688 1142 767 terronam,
1172 687 1273 753 tetrus

146 792 319 875 nigredinis
332 780 477 875 turparet
488 792 610 858 inluuie
624 792 812 859 sordulenta
842 792 1009 875 Aoeipiens
1028 808 1147 875 quoque
1161 795 1269 875 tyran·

145 914 214 973 ιιι,
237 898 274 959 nt
289 897 358 961 erat
371 895 518 962 dnoibilis
534 895 567 959 et
581 896 672 979 ferus,
694 894 907 978 serpentinam
923 894 1164 977 suggestionem,
1186 893 1268 959 fers-

122 997 229 1067 olibus
257 998 368 1064 odietis
396 1018 458 1065 uuo
485 1000 627 1083 tempore
648 999 749 1065 totam
772 1000 872 1083 eoepit
896 997 1037 1065 Atrinum
1064 1014 1266 1065 commouere.

145 1101 252 1167 Primo
273 1100 469 1167 sacerdotnm
493 1106 524 1167 et
546 1102 763 1169 ministrorum
786 1101 1029 1185 oopiosisslmsm
1052 1100 1083 1166 et
1098 1094 1302 1167 maximeml

144 1205 270 1270 turbam
292 1206 325 1270 in
346 1204 526 1291 longinquis
549 1208 581 1269 at
604 1205 750 1271 extremis
772 1204 948 1289 regionibus
964 1202 1056 1270 exilio
1074 1202 1191 1269 erudeli
1214 1200 1268 1267 de·

143 1308 257 1372 trusit:
279 1306 394 1391 quibus
418 1305 465 1373 bie
487 1308 616 1374 sontum
629 1326 729 1393 genus
743 1306 904 1387 frumenti,
928 1306 1009 1390 quod
1023 1308 1172 1373 iumentis
1195 1306 1269 1373 solis

144 1409 233 1475 edere
255 1427 433 1475 oonoessum
456 1412 521 1489 ost,
551 1429 746 1493 nequaquam
774 1410 930 1477 industrie
950 1410 1060 1476 molari
1088 1410 1267 1491 ooutritum,

107 1512 197 1594 sopel
219 1517 363 1577 manente
391 1512 522 1579 furfuris
545 1515 660 1579 eortioe
686 1514 867 1597 loricatum,
897 1531 952 1597 pro
980 1512 1179 1579 miseratione
1201 1514 1268 1580 dari

142 1616 314 1704 preeoepit3
346 1621 417 1697 post
445 1634 518 1681 uero
548 1620 706 1683 orosoeute
735 1617 909 1700 impietatis
938 1618 1061 1683 insania
1088 1618 1182 1683 etiam
1210 1616 1267 1683 hoo

142 1718 259 1785 auferri
281 1719 512 1785 crudelissimus
539 1723 715 1805 imperauit.
753 1720 828 1787 Post
856 1722 1013 1787 modinum
1043 1738 1163 1803 quoque
1186 1716 1297 1785 tem-5

141 1823 224 1905 poris
238 1826 399 1889 uniuersas
416 1825 512 1889 simm
527 1823 671 1889 eeolesias
687 1824 906 1907 praeiudicatis
923 1822 1149 1889 uenerabilibus
1164 1820 1264 1905 portis

142 1927 310 1991 caementis
332 1927 510 2010 ingentibus
526 1926 628 1991 oleudi
646 1928 820 1993 mandauit:
845 1927 992 1993 uniuersa
1007 1945 1140 2009 nemque
1156 1942 1264 1991 mona·

106 2054 133 2092 ιι
143 2028 238 2095 steria
252 2031 392 2095 uirorum
406 2031 458 2095 uel
472 2030 651 2114 puellarum
666 2034 842 2095 sanctarum
854 2030 1024 2115 gentilibus
1039 2030 1072 2095 id
1088 2032 1135 2095 est
1146 2028 1264 2095 Mauris

144 2149 216 2197 oum
228 2132 457 2199 habitatoribus
471 2133 584 2199 donare
599 2134 769 2218 praecepit.
785 2132 873 2199 Unus
889 2132 950 2198 fuit
966 2133 1109 2198 omnibus
1125 2134 1267 2213 eiulatus,

143 2254 224 2301 unus
252 2254 307 2319 pro
329 2236 453 2302 Christo
482 2236 634 2303 moriendi
665 2238 788 2317 integer
811 2241 842 2303 et
864 2239 975 2319 plenus
997 2237 1137 2303 effoetus.
1175 2236 1268 2301 Paria

143 2341 307 2405 currebant
327 2339 459 2405 flumina
484 2341 700 2423 luorimarum,
729 2341 804 2423 quio
834 2342 1018 2423 permiserat
1046 2340 1189 2406 dominns
1212 2338 1268 2403 oi-

143 2443 231 2507 bari
253 2459 315 2507 eos
337 2461 474 2526 panem
497 2444 754 2511 lacrimarum
778 2451 818 2510 et
840 2444 970 2526 potari
996 2461 1058 2509 eos
1080 2443 1119 2507 in
1148 2441 1271 2507 laori·
1296 2426 1303 2447 ⁸

106 2545 213 2611 semis
235 2546 518 2611 inmensorum
540 2551 594 2612 aut
617 2546 750 2612 forsitan
774 2546 839 2612 sine
860 2565 1015 2612 mensura.
1041 2546 1082 2611 nt
1096 2546 1122 2609 si
1144 2542 1298 2627 reportati

143 2650 191 2712 est
220 2649 325 2713 exiens
353 2651 391 2713 de
420 2638 500 2715 aroa'
519 2649 642 2715 inhians
670 2650 874 2715 cadaueribus
904 2648 1036 2714 mortuis
1064 2665 1135 2730 pars
1164 2646 1267 2728 aliqua

142 2751 341 2833 pereuntium
370 2769 549 2831 neruorum,
577 2752 675 2816 maior
705 2755 754 2818 est
784 2754 888 2817 lamen
915 2753 948 2817 in
970 2751 1094 2816 nomine
1116 2750 1269 2816 trinitatis

142 2872 290 2920 numerus
313 2854 456 2921 felicium
476 2855 704 2921 oolumberum.
733 2854 848 2935 Quanti
870 2854 991 2921 nobiles
1013 2857 1044 2919 et
1062 2850 1173 2937 optimi
1196 2851 1266 2930 uiri,

142 2958 240 3040 ampli
262 2960 294 3022 et
309 2958 366 3022 lati
383 2958 507 3041 cespitis
524 2957 650 3037 domini,
674 2960 791 3023 terram
806 2978 877 3025 oum
895 2958 979 3025 eaelo
996 2956 1266 3024 eommutauerunt

107 3064 175 3123 sset
197 3060 292 3124 simul
315 3076 426 3142 eorpus
453 3078 524 3124 eum
552 3062 728 3127 substantia
750 3061 962 3137 tradiderunt,
995 3062 1088 3145 atque
1116 3059 1267 3127 delicatae

143 3167 174 3227 et
196 3161 410 3228 nobilissimae
432 3163 566 3229 feminae
589 3168 698 3229 eontra
719 3167 941 3245 uerecundiam
962 3164 1092 3230 naturae
1109 3165 1267 3247 spectante

245 3367 278 3421 18
300 3367 346 3421 Pe.
366 3367 408 3433 79,
426 3368 450 3421 6.

175 3539 316 3609 :iproelo
334 3539 441 3595 BVO¹s
465 3539 540 3609 prelo
560 3540 613 3594 0²a
697 3539 806 3609 fenerat]
825 3539 916 3593 fuerat
934 3539 988 3594 PR
1074 3542 1160 3593 terrae
1182 3556 1200 3593 o

141 3624 230 3680 thetre
248 3631 291 3696 (e
307 3626 370 3693 2)β
473 3627 490 3681 3
514 3625 659 3695 nigridinis
682 3624 721 3680 W
827 3626 847 3683 4
870 3626 992 3681 docibilis
1010 3627 1051 3696 αβ
1155 3626 1170 3679 7
1194 3628 1221 3679 et
1238 3625 1267 3681 iu

140 3712 297 3781 longinquis
314 3729 334 3767 a
444 3714 602 3767 8aooutunu
621 3712 656 3767 Μ
760 3713 881 3783 ιοῙιιιιιβ
994 3713 1011 3766 9
1032 3713 1200 3783 molstumfl
1265 3734 1269 3745 ·

142 3799 289 3853 enutritum
308 3814 358 3852 om.
378 3799 395 3868 β
501 3800 533 3854 10
549 3799 692 3853 lurieutum
711 3798 816 3854 BV¹0¹
835 3798 958 3865 (same.
977 3800 1018 3867 IL
1037 3804 1103 3866 110,Ι
1121 3800 1180 3861 ΙΙΙ,
1194 3800 1265 3866 200,-

140 3885 266 3941 Roensoh
284 3888 350 3951 466)
448 3884 482 3939 12
498 3886 611 3954 quoque]
630 3900 692 3939 uero
713 3885 749 3940 Μ
844 3885 876 3939 14
894 3885 1016 3939 nimentis
1038 3885 1077 3941 W
1170 3886 1202 3939 16
1220 3884 1268 3939 dn·

141 3972 201 4025 nari
226 3970 325 4027 eane
445 3970 479 4025 18
504 3970 662 4041 promiserat
688 3978 714 4025 et
730 3970 832 4041 [orbari
859 3972 905 4025 Pb
1021 3971 1053 4026 19
1080 3986 1171 4040 panem
1198 3968 1267 4024 BV'

141 4061 274 4127 (ψωμιεῖς
291 4057 365 4128 ἡμᾶς
381 4054 467 4131 ἄρτον
484 4054 640 4129 imprimi:
665 4073 733 4127 pune
756 4058 815 4112 rell.
923 4057 958 4111 20
980 4072 1129 4111 mensuram
1153 4054 1267 4111 RV¹0a

142 4143 340 4210 (Commisso
358 4143 508 4208 Iusta'H,
526 4148 568 4212 1⁷,
588 4149 604 4199 1
622 4143 747 4212 hidrei:
775 4158 899 4199 mensure
920 4142 977 4197 rell.
1081 4143 1113 4197 21
1133 4143 1214 4197 erola
1230 4140 1269 4197 Μ

143 4230 190 4285 oP
291 4230 378 4285 iniens
405 4230 434 4287 P
540 4230 573 4283 22
600 4232 787 4310 praeeuntium
813 4230 858 4293 Ml
960 4231 994 4285 24
1022 4230 1133 4298 oerpites
1161 4230 1198 4283 ΡΙ

141 4316 175 4369 25
193 4331 286 4385 eorpus
307 4316 343 4371 V'
447 4317 481 4371 26
498 4319 653 4385 expeetsnte
669 4316 794 4385 BpWL
819 4319 957 4385 expetente
975 4332 993 4370 u
