2992 4967
253 347 296 414 44
611 345 726 416 Magni
744 345 868 402 Felicis
887 346 1019 401 Ennodi

252 553 321 600 sum
344 537 472 600 naturae
495 533 677 619 fragilitate,
701 536 856 619 confiteor,
879 539 910 600 et
931 536 1012 618 quod
1032 554 1088 602 uos
1103 538 1193 600 credo
1208 539 1378 617 conputare

252 642 333 705 inter
364 639 444 704 uitia
476 640 548 721 plus
575 639 708 705 amando
732 639 800 704 stili
822 639 1046 704 abstinentem
1068 638 1164 704 effusa
1184 638 1377 722 loquacitate

252 743 382 824 pensaui
405 745 437 807 et
459 743 544 826 longi
568 743 704 808 dolorem
726 743 848 808 silentii
869 743 1019 808 sermonis
1052 743 1194 807 ubertate
1217 742 1374 822 conposui.

252 849 413 927 expectans
435 846 559 927 quidem
581 864 600 909 a
614 846 702 910 uobis
717 845 879 928 praedium
894 864 1008 910 munus
1024 843 1202 922 inlitteris,
1218 844 1274 907 sed
1289 842 1378 908 nolui

251 945 329 1012 mihi
351 946 426 1028 ipse,
452 948 526 1011 dum
550 946 603 1012 diu
625 951 721 1024 taceo
744 966 856 1032 negare
877 967 1068 1032 responsum,
1090 945 1270 1023 aestimans,
1292 944 1376 1029 quod
1400 966 1417 1007 s

251 1049 394 1134 loquendi
407 1051 538 1118 formum
554 1051 626 1116 dare
641 1051 701 1116 nisi
714 1049 865 1132 loquendo
877 1067 938 1116 non
947 1069 1079 1134 possem.
1095 1049 1232 1134 proinde,
1249 1049 1376 1114 domine

250 1155 303 1232 mi,
326 1156 525 1222 salutationis
549 1154 706 1219 debendae
730 1155 912 1236 obsequium
933 1155 1057 1220 soluens
1072 1155 1259 1234 perlatorem
1282 1173 1375 1236 prae·

250 1260 384 1324 sentium
399 1261 437 1324 ad
452 1275 506 1323 uos
523 1257 700 1340 specialiter
717 1257 908 1320 destinatum
923 1255 1016 1321 solita
1031 1255 1209 1339 dignatione
1223 1257 1375 1339 suscipite

250 1361 282 1424 et
303 1360 463 1427 sublatum
485 1362 523 1426 de
546 1359 769 1425 consuetudine
799 1359 953 1424 scribendi
976 1377 1067 1423 usum
1090 1364 1241 1442 reparate,
1277 1379 1317 1424 ne
1341 1361 1374 1425 in

251 1461 400 1528 damnum
421 1466 541 1548 gratiae
564 1465 699 1546 parcitas
723 1464 882 1546 contingat
904 1463 964 1528 ista
986 1464 1158 1528 uerborum.
1384 1485 1414 1522 ro

782 1651 838 1718 VI.

622 1786 806 1842 ENNODIVS
827 1785 994 1841 POMERIO.

291 1908 456 1990 Quousque
471 1910 595 1972 tantum
611 1908 720 1974 licebit
735 1909 966 1974 abstinentiae?
981 1927 1139 1991 quousque
1154 1909 1240 1974 fama
1254 1909 1371 1974 nobilis

248 2011 471 2095 epistolaribus
505 2012 656 2076 destituta
689 2012 868 2077 conmerciis
901 2014 1096 2077 ueterescet?
1133 2013 1203 2077 nolo
1240 2013 1372 2078 euadere

247 2115 421 2198 opinionem
443 2115 608 2192 temerarii,
642 2115 809 2180 dummodo
837 2117 877 2180 ad
907 2116 1051 2180 notitiam
1073 2117 1187 2197 possim
1209 2117 1408 2197 peruenirec

248 2219 384 2300 perfecti.
408 2218 478 2282 uolo
495 2235 560 2282 esse
582 2219 766 2301 paginarum
781 2220 927 2298 praeuius
940 2220 1120 2296 destinator,
1143 2218 1180 2282 ut
1194 2216 1371 2284 Galliarum

247 2323 327 2388 bona
348 2324 387 2387 ad
409 2322 535 2386 ltaliam
559 2322 694 2404 migrent
722 2322 788 2386 sine
809 2323 874 2387 ullo
896 2322 1014 2387 formae
1037 2341 1112 2387 suae
1132 2322 1285 2388 translata
1305 2323 1370 2389 dis-

248 2426 366 2508 peudio.
404 2443 443 2487 an
467 2423 596 2489 forsitan
619 2425 750 2506 putabas
774 2429 804 2489 te
827 2427 859 2489 in
881 2442 1074 2507 quocumque
1097 2426 1156 2490 loci
1178 2425 1368 2504 delitescere,

246 2545 337 2612 quem
360 2526 508 2592 scientiae
530 2527 583 2591 lun
606 2526 697 2608 longe
718 2528 889 2609 positorum
917 2527 1115 2594 monstrabat
1138 2528 1301 2611 aspectui?
1338 2530 1369 2592 et

246 2630 307 2696 nisi
329 2649 379 2695 me
401 2630 433 2694 in
457 2629 599 2695 laudibus
633 2629 694 2694 tuis
727 2632 898 2697 domestica
931 2633 1054 2714 quidem
1082 2632 1203 2711 relatio,
1237 2635 1291 2698 sed
1313 2650 1405 2714 perae

245 2733 422 2816 inperitiam
433 2733 482 2797 sui
495 2752 611 2817 pauper
627 2735 773 2817 angustet
786 2740 819 2799 et
834 2733 1028 2815 amplissima
1042 2736 1224 2800 meritorum
1239 2737 1367 2800 tuorum

245 2837 408 2918 praeconia
430 2835 570 2900 relatoris
593 2839 675 2900 artet
698 2837 830 2914 exilitas,
860 2836 1019 2918 utriusque
1041 2837 1248 2903 bibliothecae
1269 2837 1367 2903 fibula

245 2939 440 3023 perfectionis
455 2957 491 3002 er
506 2939 629 3020 gemino
652 2940 748 3004 latere
771 2939 922 3004 uenientis
937 2943 1041 3021 partes
1063 2942 1214 3006 maximas
1229 2959 1365 3006 momor-

245 3043 329 3122 disti,
344 3043 537 3124 procurando
553 3046 588 3106 ut
604 3043 660 3108 tali
675 3041 836 3126 ingenium
853 3045 943 3109 tuum
959 3047 1121 3110 saturitate
1136 3047 1363 3128 pinguesceret.

245 3151 333 3210 taceo
366 3162 522 3208 summam
558 3145 698 3210 caelestis
732 3147 889 3212 conlatam
922 3147 1064 3213 beneficii
1088 3151 1119 3212 et
1141 3147 1266 3214 dotibus
1299 3147 1400 3212 sinac

245 3246 381 3313 humano
406 3245 558 3312 adiutorio
581 3250 723 3331 superuis
746 3250 945 3317 instructum.
976 3253 1061 3318 recte
1084 3251 1167 3316 enim
1189 3252 1247 3316 hoc
1270 3251 1364 3316 aesti-

244 3351 349 3416 matur
382 3351 487 3415 uenire
521 3352 559 3416 de
581 3354 701 3436 superis
734 3355 816 3437 quod
846 3355 928 3419 inter
960 3355 1098 3419 homines
1128 3353 1214 3419 nullo
1244 3354 1365 3418 constat

295 3592 468 3658 lconpotare
486 3589 513 3642 Β
608 3591 794 3658 derepeotana
815 3591 841 3645 V
930 3608 984 3645 non
1001 3591 1077 3645 uolui
1093 3591 1121 3645 Β
1214 3593 1288 3647 lmi
1306 3594 1364 3659 PT,

241 3675 310 3730 mihi
326 3675 410 3729 BLV
492 3675 686 3731 ddistinatum
704 3676 732 3729 Β
820 3678 853 3731 10
869 3677 992 3746 contigat
1008 3678 1036 3730 Β
1121 3677 1261 3734 barborum
1279 3678 1318 3734 B¹

293 3793 339 3852 VI.
377 3797 409 3850 13
434 3795 613 3852 abstinentiae
639 3798 678 3862 Β,
708 3799 845 3852 absentiae
871 3799 996 3855 LPTVb
1111 3802 1145 3856 14
1171 3801 1300 3856 distitutu
1325 3802 1363 3866 B,

241 3883 361 3970 oaereu‘a
378 3917 404 3970 V
489 3918 719 3974 commeretur
803 3920 947 3974 neumare
964 3919 992 3973 n
1095 3895 1294 3992 repetitura

243 4003 275 4056 18
292 4001 433 4055 dilitiocire
451 4002 485 4068 B,
507 4003 651 4058 delitiscire
669 4005 696 4059 L
712 4021 783 4059 corr.
806 4006 836 4070 V,
855 4005 1004 4060 delitiscere
1022 4007 1089 4062 Μ’
1187 4007 1361 4076 elanguerit

241 4086 280 4140 Βι
297 4091 330 4140 ut
346 4085 459 4140 uidem
560 4089 593 4142 22
611 4090 733 4144 relatoris
744 4090 781 4154 Β,
798 4091 940 4160 perlatoris
951 4091 1077 4146 LPTVb
1179 4091 1361 4164 bybliothecae

240 4171 544 4241 BV(sedVyiuras.)
631 4175 761 4245 asperus
773 4176 810 4230 Βι
895 4176 1158 4248 24pinquiaceretB
1244 4178 1360 4234 25sum·

239 4257 319 4328 mam]
337 4257 472 4313 ecclesiam
490 4259 554 4315 cdd.
571 4260 599 4314 Β
701 4261 739 4330 et]
759 4263 786 4315 et
802 4265 830 4316 te
846 4262 911 4327 sora.
