2992 4967
307 342 370 409 100
663 334 778 409 Magni
794 334 923 394 Felicis
940 336 1072 392 Eunedi

304 530 411 597 fieinm
426 531 553 613 putetur
576 546 643 593 esse
664 528 718 593 sed
734 528 884 607 debitum,
908 544 979 592 enm
995 526 1154 610 malignus
1176 528 1332 608 interpres
1353 517 1432 591 iudi-

306 633 389 700 tium
419 632 518 698 cerdis
547 636 676 695 naturae
704 628 813 696 subdit
832 628 973 712 imperiis
1000 630 1033 694 et
1053 628 1168 695 tollens
1195 645 1340 713 saperem
1361 628 1433 693 dili·

304 735 431 822 gentiae
452 734 519 801 sala
541 734 710 801 iubendum
731 734 825 819 putet
845 734 1018 799 obieetiene
1040 732 1194 815 pariendi,
1216 734 1340 815 quande
1362 732 1433 814 plus

305 837 444 907 ereditur
466 837 513 902 flli
535 834 722 902 uenabulaun
744 836 849 901 ualere
870 849 965 918 quarn
987 834 1182 919 obsequium·
1194 836 1227 900 et
1253 852 1316 901 nen
1337 851 1434 917 quae·

303 942 384 1009 uitur
404 940 482 1024 quid
504 938 538 1004 in
560 940 673 1006 ameris
695 939 786 1005 lanea
806 953 1000 1024 promonens,
1016 939 1078 1004 aad
1099 939 1191 1022 quala
1213 940 1253 1005 ad
1273 937 1464 1020 praeiudi-a

304 1044 390 1112 utum
413 1044 593 1110 aestimanti
615 1058 728 1109 naman
750 1058 897 1126 appensa,
925 1060 998 1108 aum
1020 1043 1104 1124 apud
1124 1041 1292 1124 prudentes
1313 1042 1435 1107 frustm

303 1146 448 1215 sebalem
463 1147 605 1226 didimus,
627 1144 691 1211 nisi
713 1145 838 1211 exhibet
850 1146 935 1228 qued
954 1147 1100 1211 ueeatnr:
1123 1163 1197 1211 narn
1220 1146 1274 1228 qni
1296 1144 1332 1209 in
1346 1143 1434 1225 prate

304 1262 468 1317 eensnnarn
500 1247 653 1333 neglegit,
688 1251 872 1329 asumptum
889 1249 1006 1332 magis
1038 1247 1186 1333 designat
1215 1247 1278 1313 sibi
1309 1248 1434 1330 plaeere

304 1366 398 1437 quam
421 1353 577 1418 meritum.
616 1352 752 1417 aeaut
777 1350 811 1417 in
839 1352 972 1434 pesteris
998 1351 1057 1416 hee
1078 1351 1182 1417 selum
1209 1368 1266 1417 nes
1293 1352 1434 1434 cogitare

303 1456 386 1540 qued
408 1456 511 1523 libuit
545 1456 662 1521 etenim
684 1455 807 1521 iremus
828 1457 925 1536 uteri,
958 1455 1020 1520 nisi
1047 1453 1214 1520 honestate
1235 1454 1464 1539 mpeudaatn

302 1556 375 1644 plns
406 1558 440 1624 in
472 1558 653 1623 testimonie
687 1558 835 1624 leaeiuiae
865 1559 992 1623 uidetur
1014 1555 1157 1623 euenisse
1183 1574 1279 1639 qaam
1301 1557 1433 1640 gratiae.

303 1660 455 1727 insanin
478 1666 525 1727 est
541 1662 758 1745 germanitatis
779 1677 901 1744 semper
923 1660 1016 1725 fidele
1029 1661 1219 1727 eensertium
1240 1660 1339 1726 etiarn
1361 1678 1433 1743 par·

303 1764 398 1830 tubus
417 1762 585 1829 anteferri:
614 1763 707 1828 datur
727 1763 914 1847 participem
936 1762 1065 1848 orginis
1093 1766 1139 1829 sie
1159 1762 1277 1847 haberi,
1309 1763 1348 1827 ut
1376 1781 1433 1829 nee

302 1866 507 1931 pensitaretis
529 1863 688 1949 sanguinis
710 1866 892 1949 neglegatur
921 1871 954 1931 at
976 1867 1160 1933 daseaudans
1183 1866 1339 1933 emerite
1363 1867 1433 1931 lau·

304 1967 396 2035 deiur
418 1982 553 2035 emman.
578 1969 610 2033 et
631 1968 699 2033 idae
722 1987 761 2033 ne
782 1967 917 2035 sinueris
938 1971 971 2034 in
993 1971 1124 2055 longum
1143 1970 1314 2053 preoedant
1336 1968 1463 2035 uerbae

302 2072 489 2155 praeloquiis
513 2073 646 2154 siquod
669 2090 702 2137 re
723 2073 895 2157 angustam
916 2074 966 2138 est
987 2077 1110 2140 ereseet
1137 2073 1248 2152 affata,
1274 2074 1368 2151 dene.
1398 2074 1433 2138 iu

300 2172 536 2240 fraternitatem
551 2180 642 2240 tuarn
654 2175 780 2241 ueniere
799 2181 833 2241 at
847 2176 909 2241 iuri
924 2181 979 2241 tue
992 2181 1143 2261 perpetua
1163 2176 1312 2242 libertate
1326 2177 1432 2243 trana-

302 2277 401 2344 dnnda
424 2276 616 2359 maneipium
638 2277 715 2345 iuris
737 2280 799 2344 mei
822 2278 901 2345 illud
922 2281 956 2345 et
976 2283 1089 2346 eatena.
1112 2280 1195 2345 nale.

848 2482 884 2547 V.

692 2618 830 2676 FAVS'H)
848 2617 1040 2673 ennomus
1440 2634 1463 2673 re

345 2744 494 2811 Sublimis
516 2745 565 2808 uir
586 2742 772 2823 Dalmatius,
797 2742 919 2808 animae
941 2762 1029 2809 meae
1051 2744 1151 2827 pertis
1168 2760 1230 2808 nen
1245 2741 1432 2806 defraudata

304 2847 359 2915 aad
382 2846 490 2925 solida,
525 2846 577 2911 eui
600 2848 639 2912 ad
660 2845 913 2928 praerogatiuam
942 2844 1107 2928 sauguinis
1138 2860 1264 2911 mamm
1285 2841 1432 2928 splendor

303 2952 443 3031 sesessit,
459 2950 516 3014 hoe
531 2948 654 3031 negotio
669 2966 724 3013 sue
737 2946 871 3013 eredidit
881 2950 1053 3027 conuenire¹
1075 2948 1103 3012 si
1115 2948 1194 3012 maia
1205 2946 1289 3029 apud
1304 2946 1432 3012 eulmen

303 3056 446 3120 nestrum
468 3052 629 3117 inderetur
657 3051 811 3134 alloquiis
840 3052 922 3134 qnod
955 3050 1220 3134 supersedendum
1252 3049 1323 3117 eius
1357 3067 1432 3115 een-

300 3156 387 3222 seius
409 3168 473 3221 non
494 3154 615 3237 putaui,
647 3154 764 3221 sedens
785 3154 964 3221 urbanitate
985 3154 1122 3237 quadarn
1150 3169 1298 3238 persensa
1331 3152 1462 3219 utana

354 3414 369 3467 1
395 3426 452 3469 esee
477 3411 523 3467 sed
549 3411 611 3476 Bb,
643 3411 690 3467 sed
714 3410 751 3479 Τ,
780 3426 838 3467 erae
859 3410 917 3466 LV
1024 3412 1169 3480 intempres
1196 3408 1234 3467 [ι’
1343 3410 1361 3465 2
1386 3409 1430 3465 in·

300 3533 381 3603 pariis
398 3530 426 3585 n
532 3497 661 3587 dianae
678 3530 706 3587 a
809 3530 996 3586 erumnam
1013 3532 1123 3599 sarpa,
1152 3528 1296 3585 ruendam
1319 3530 1360 3596 a,
1385 3529 1429 3584 n-

299 3618 417 3673 uendum
435 3614 563 3673 LPl'Vb
579 3616 628 3673 aad
644 3617 675 3672 ui
691 3616 771 3686 tn'J'u
789 3632 860 3672 aare.
879 3616 981 3673 Vani
1077 3619 1159 3685 putat
1174 3617 1241 3683 sort.
1339 3615 1430 3671 atrii

300 3703 345 3759 Pb
431 3701 674 3773 dpreindieiumB
770 3702 917 3758 isabelem
928 3702 1013 3758 ΜΨ
1095 3702 1224 3757 exibetT
1307 3701 1429 3771 8negle-

300 3792 366 3859 gent
384 3789 422 3844 L¹
513 3790 547 3844 10
564 3790 677 3845 honesta
695 3788 722 3843 L
814 3788 846 3843 11
865 3785 1009 3843 laseiuei'
1097 3788 1133 3842 14
1148 3788 1303 3857 neglegitur
1319 3788 1361 3841 1,ι

300 3872 454 3929 distendens
472 3876 506 3939 Β,
533 3875 671 3930 diaeadens
688 3875 758 3930 enni
777 3874 902 3930 Mara
988 3872 1179 3944 lbprneedunt
1193 3874 1230 3930 Τ·
1317 3874 1352 3929 le
1368 3888 1429 3945 pre·

299 3956 399 4029 leqniia
415 3961 443 4015 Β
538 3960 750 4032 affatu1aileetu
766 3961 795 4015 Β
898 3961 1104 4031 inperpetuum
1125 3962 1161 4016 Γ
1262 3958 1430 4017 liberalitate

301 4061 411 4118 nuru
502 4050 996 4132 neateu1a13‚aeoetnt⁷‚m
1013 4064 1089 4120 Pru
1184 4064 1246 4121 asa
1263 4081 1314 4124 aa
1330 4065 1362 4119 n

356 4162 389 4222 V.
423 4164 458 4220 21
476 4162 617 4223 defrudata
634 4166 662 4223 Ia
759 4166 794 4222 22
810 4168 858 4222 aad
874 4167 962 4223 aalide
980 4167 1007 4222 L
1023 4184 1043 4223 e.
1062 4168 1080 4223 t
1097 4185 1133 4223 m.
1151 4169 1271 4239 datique
1370 4183 1428 4239 pra-

300 4252 452 4323 rugatinarn
470 4252 498 4305 Β
