2992 4967
473 366 633 433 liberm,
659 366 771 423 51-60.
1123 368 1183 436 101

47 555 237 641 gradientes
259 558 348 622 uiuos
372 556 457 622 omni
480 560 626 640 exparte
649 558 811 622 neeabent.
834 556 902 622 Neo
922 559 1049 624 deerant
1071 557 1184 624 eotidie

50 660 176 742 ubique
197 659 407 741 expirantium
429 659 539 726 funera
560 664 592 725 et
614 678 677 725 non
700 658 804 725 metat
825 658 935 739 unius,
959 677 1040 742 quae
1054 658 1184 725 misere·

49 762 155 827 tionis
171 762 351 845 inpenderet
366 762 575 846 sepulturam3
598 781 696 845 nequo
717 761 802 827 enim
823 762 1019 829 sufficiebant
1041 762 1082 827 ad
1098 782 1183 848 sepe·

49 864 199 930 liendum
222 865 296 942 uini,
320 865 404 930 fame
427 864 605 930 dominante
627 864 736 948 stipsi
758 866 830 947 post
847 866 1013 949 paululum
1028 866 1184 933 morituri.

24 965 235 1050 sGupiebant
259 966 376 1051 singuli
402 967 584 1033 libertatem
610 986 701 1033 suam
729 968 928 1052 liliorumque
957 988 1084 1035 suorum
1113 988 1184 1053 per-

50 1071 172 1153 petuas
194 1068 341 1134 seruituti
363 1069 515 1153 redigere,
532 1074 563 1134 et
581 1088 644 1135 non
665 1072 811 1153 poterant
831 1072 980 1138 inuenire.
1008 1074 1134 1139 Montes
1153 1079 1186 1139 et

52 1172 174 1250 oolles,
207 1170 330 1253 plateae
357 1172 540 1255 unitatum,
573 1172 644 1239 uiae
672 1174 725 1238 uel
752 1173 883 1239 semitm
914 1194 1013 1241 unum
1042 1177 1185 1242 omnibns

52 1276 198 1341 fenerant
226 1273 340 1356 ubique
369 1275 588 1357 sepulchrum,
624 1275 736 1359 quibus
762 1276 869 1342 inedia
895 1278 1064 1361 depascens
1091 1278 1185 1343 dene·

51 1382 189 1463 generat
211 1379 341 1446 nietnm.
369 1378 529 1445 Unandali
544 1380 651 1446 auiem
672 1380 741 1463 ipsi,
765 1398 843 1463 quos
865 1382 898 1445 et
918 1385 1028 1463 penten
1040 1378 1234 1463 frequeusbil

12 1484 232 1549 romuliarum
254 1483 485 1567 prouinoiorum
508 1484 608 1567 spolia
630 1488 662 1549 et
683 1486 815 1551 retentio
830 1485 957 1551 Africae
979 1485 1079 1566 primo
1101 1482 1185 1548 feee-

51 1588 131 1652 raut
159 1588 289 1665 diuites,
321 1586 437 1651 maiore
465 1585 566 1671 magis
594 1585 700 1669 inopia
728 1588 972 1671 torquebantur:
1006 1590 1039 1650 et
1067 1590 1184 1670 quanto

49 1690 116 1755 sibi
147 1688 333 1754 uidebantur
361 1707 523 1755 seruorum
553 1690 733 1773 digestione
760 1690 901 1775 superbi,
930 1694 1020 1755 tanto
1050 1689 1184 1772 amplius

52 1790 244 1856 definiebant
268 1791 350 1856 fame
372 1794 535 1875 torquente
547 1792 673 1857 deieoti.
709 1792 826 1859 Nullus
850 1790 1088 1870 filium,nn11ns
1110 1810 1183 1857 eon·

51 1892 174 1977 iugem,
198 1894 303 1959 nullus
318 1894 477 1978 proprium
498 1895 601 1959 tenuit
615 1912 761 1972 seruum
781 1898 835 1963 sed
850 1900 956 1961 exiens
970 1895 1183 1976 unusquisqne

15 2017 43 2058 ns
53 2014 121 2060 uon
144 1996 197 2061 ubi
213 1996 323 2073 uoluit,
338 1996 393 2061 sed
410 1997 463 2063 ubi
479 1996 591 2081 ualuit,
615 2000 671 2063 aut
685 1998 796 2064 statim
811 1997 928 2063 delenit
943 2000 998 2063 aut
1013 2014 1183 2079 numquam

52 2100 183 2165 omnino
197 2098 324 2165 rediuit.
340 2099 541 2183 Urguebatur
556 2100 664 2167 infelix
678 2101 849 2167 multitudo
861 2100 1014 2183 adipeam
1027 2118 1063 2165 se
1074 2099 1235 2170 urbemdt)

52 2201 277 2285 Carthaginem
299 2220 500 2285 congregare:
529 2207 562 2267 et
582 2202 659 2269 dum
681 2203 759 2269 illue
784 2203 967 2269 cateruatim
989 2202 1091 2268 adhue
1112 2202 1181 2267 ani-

52 2308 143 2371 mata
170 2304 325 2370 oadanrern
354 2304 562 2383 confluerent,
592 2304 647 2370 ubi
677 2325 731 2371 rer
765 2305 999 2373 inferendarum
1034 2305 1182 2370 mortium

55 2407 140 2472 uidit
158 2410 287 2489 strages,
312 2406 389 2490 pelli
403 2408 478 2472 urbe
494 2425 600 2472 omnes
616 2408 689 2473 ilioo
704 2406 803 2485 iubet,
825 2426 865 2474 ne
879 2410 1022 2492 ooutagio
1038 2406 1181 2473 defioien-

17 2510 139 2574 notium
168 2527 365 2575 communem
392 2512 517 2594 pararet
544 2512 641 2576 etiem
663 2512 811 2576 ereroitui
833 2512 899 2575 eius
928 2528 1049 2593 quoque
1076 2509 1182 2593 sepul·

54 2612 178 2678 ebrum.
223 2612 294 2677 Suis
328 2631 400 2697 ergo
435 2614 604 2695 prouinciis
639 2615 672 2678 et
706 2614 851 2680 domibus
879 2611 1021 2695 singulos
1048 2613 1183 2695 imperat

55 2714 217 2797 reuooari;
240 2715 295 2780 sed
317 2734 373 2780 neo
397 2720 486 2781 orant
508 2718 560 2800 qui
576 2719 820 2793 reuerterentur,
842 2716 917 2781 dnm
932 2718 1063 2798 uterque
1076 2713 1182 2798 sepni-

54 2820 161 2883 turam
184 2836 273 2883 suam
295 2820 327 2882 in
349 2819 444 2885 uultu
464 2820 635 2903 portarent.
665 2819 707 2883 Iit
729 2819 844 2885 ideireo
860 2818 940 2883 forte
955 2816 1055 2883 maior
1069 2815 1182 2900 rebap-

36 2923 224 2987 tizatorum
246 2920 380 3003 perditio
401 2923 506 3003 potuit
531 2922 704 3005 prouenire,
729 2921 803 3004 qnia
825 2922 900 2987 dum
924 2918 1121 3003 promittitur
1142 2920 1182 2985 ab

19 3046 44 3087 as
55 3023 200 3090 Arrianis
222 3022 395 3106 praesentis
418 3022 588 3089 transactio
612 3024 708 3105 uitae,
724 3040 787 3090 ‘nee
808 3024 889 3089 illud
904 3023 1035 3088 obuenit
1049 3026 1081 3088 et
1096 3041 1183 3090 mors

107 3247 123 3299 1
146 3246 223 3301 iuuos
247 3244 281 3299 V¹
312 3246 342 3301 iu
363 3262 392 3299 os
414 3245 486 3301 ΨΜ
585 3246 669 3315 omni]
693 3246 775 3301 morti
794 3245 829 3315 P,
852 3246 901 3301 eod
916 3260 985 3301 oros.
1100 3246 1182 3301 ilex·

48 3333 193 3401 pirantum
208 3332 247 3389 W
339 3347 391 3385 uon
404 3348 453 3387 oen.
471 3332 508 3387 W
604 3332 735 3387 tmortni
747 3332 777 3387 P
860 3330 1047 3401 birequentia
1062 3330 1183 3386 Weoius

54 3432 88 3473 en
111 3418 177 3473 meis
201 3418 605 3489 (tosBeusiorrastsns-iptr
630 3416 1183 3473 sedlittsrioentialomrsosem'nooors

53 3523 128 3591 erat)
234 3522 267 3575 10
289 3522 404 3576 rosontio
426 3522 464 3577 W
564 3522 664 3591 primos
680 3518 780 3576 ieoerst
797 3520 847 3589 ‚BF
946 3521 977 3575 11
1004 3508 1182 3588 torq'ebantur

53 3606 81 3660 Β
186 3607 219 3661 11
245 3606 413 3679 uidebantur]
440 3610 581 3663 seruantur
606 3606 635 3662 P
740 3606 888 3661 adiectione
913 3624 933 3659 o
1043 3607 1078 3660 18
1104 3604 1182 3660 deite-

54 3693 121 3747 bant
153 3692 188 3747 W
307 3693 341 3747 14
366 3708 502 3749 seruomm
529 3694 546 3749 b
666 3695 699 3748 lb
726 3693 820 3747 defluit
844 3693 901 3747 BV
924 3690 1050 3759 (Sabaeis
1078 3692 1107 3756 1,
1131 3694 1183 3746 311

53 3784 121 3848 sqq.)
226 3778 259 3833 16
276 3795 303 3833 se
322 3794 373 3833 orn.
391 3778 439 3848 βΕ
531 3778 597 3833 urbe
618 3779 655 3835 W
760 3778 792 3832 17
811 3777 1001 3847 oougregsrib
1094 3776 1182 3831 adhuc

54 3866 213 3919 summatim
230 3865 296 3919 illue
314 3862 362 3933 pn*
462 3866 548 3921 adhue
568 3882 618 3922 orn.
646 3882 678 3930 a,
705 3866 755 3935 pus·
779 3864 941 3919 alernatim
963 3868 1028 3933 post
1052 3862 1182 3917 endanma

54 3950 134 4005 babet
237 3951 269 4005 18
295 3950 410 4004 metium
440 3954 473 4005 W
580 3952 613 4005 19
640 3950 766 4019 eantagio
791 3946 818 4003 V
917 3946 1075 4004 deflentium
1100 3946 1184 4004 BVO

56 4038 164 4103 (Roeb.
182 4034 258 4091 Mus.
276 4038 347 4093 1879
365 4054 392 4106 p.
411 4040 476 4107 639)
597 4038 632 4092 20
658 4052 796 4092 eommune
825 4036 902 4093 Wob
1021 4033 1104 4088 etiarn
1130 4048 1182 4089 ost.

54 4122 103 4175 Me
196 4124 333 4192 erereitni]
346 4122 461 4177 examini
474 4122 522 4190 plo
613 4138 780 4193 quoqueosr.
795 4124 828 4177 W
919 4118 1115 4186 mensumn

55 4211 233 4263 reportaretur
253 4206 386 4265 V’ounn
403 4210 493 4275 (erat.
508 4244 515 4261 .
530 4209 760 4273 ,τουσι-1101111)
863 4208 900 4263 23
915 4210 1036 4276 pertenet
1052 4206 1115 4264 HL

55 4292 90 4346 24
107 4293 183 4362 potui
202 4292 269 4349 RV·
372 4293 407 4348 25
423 4294 523 4349 armani
543 4296 582 4351 W
