2992 4967
491 370 580 425 tener
597 370 636 436 11,
663 372 773 425 ιιι-55.
1151 376 1194 439 45

68 562 251 625 nostrerum
282 560 469 645 oppresserit
495 558 680 643 multitudo,
709 560 851 644 deligunt
878 563 917 626 de
943 580 977 625 se
998 560 1110 639 nostri,
1139 561 1193 643 qui

68 679 127 743 pro
144 662 287 727 omnibus
302 662 532 745 responderent,
549 664 664 728 decem.
683 661 833 728 Conlocat
846 662 909 728 sibi
924 662 1029 747 dyrile
1043 682 1112 729 cnm
1128 663 1193 730 suis

68 762 235 830 satellibus
257 766 289 830 in
311 763 376 830 loco
399 765 518 830 excelso
541 765 796 849 superbissimum
829 765 974 831 thronum
996 767 1191 832 adstantibus

67 867 205 945 nostris,
237 869 438 949 dixeruntque
466 866 564 932 nostri
593 866 742 951 episcopi:
779 858 845 933 ‘ille
872 872 920 932 est
946 884 1068 949 semper
1099 872 1191 952 grate

42 968 214 1049 scollatio,
249 970 301 1035 ubi
329 970 461 1051 superba
488 988 549 1035 non
580 968 758 1035 dominetur
781 968 884 1048 elatio,
908 971 961 1034 eod
985 988 1021 1035 ex
1042 986 1191 1036 consensu

69 1071 230 1137 communi
269 1071 407 1149 ueniter,
436 1074 473 1137 nt
506 1071 712 1155 cognitoribus
746 1070 1008 1152 discernentibus,
1053 1074 1192 1154 partibus

68 1174 247 1260 agentibus,
272 1176 353 1257 qnod
369 1192 477 1240 uorum
494 1178 541 1240 est
556 1176 757 1259 agnoscetur:
780 1192 864 1239 nnnc
885 1174 938 1256 qui
961 1175 1020 1239 erit
1041 1175 1190 1258 cognitor,

68 1282 126 1361 qui
149 1278 355 1356 examinator,
384 1279 420 1343 ut
447 1276 530 1343 libra
551 1276 692 1343 iustitiae
713 1281 767 1343 aut
789 1275 866 1342 bene
888 1278 1007 1360 prolata
1029 1278 1192 1343 confirmet

68 1384 128 1446 ant
150 1400 243 1463 praue
262 1380 427 1463 adsumpta
449 1380 604 1445 refellat?
627 1382 667 1445 Et
689 1400 759 1447 cum
775 1381 853 1445 talia
875 1383 907 1444 et
928 1380 989 1446 alia
1006 1378 1242 1460 dicerentur,54

29 1503 57 1542 ιο
67 1484 211 1549 noterius
244 1482 326 1565 regis
366 1482 539 1563 respondit:
576 1474 764 1566 ‘patriarcha
796 1482 902 1567 dyrile
939 1482 1019 1548 dixit
1054 1483 1189 1566 eliqucs’.

68 1584 210 1668 Superbe
239 1589 270 1650 et
298 1584 407 1650 illicite
439 1584 500 1651 sibi
526 1604 635 1650 nomen
664 1590 850 1668 usurpatum
883 1586 981 1651 nostri
1002 1586 1191 1652 detestantes

68 1689 232 1755 dixerunt:
269 1678 403 1773 ‘legatur
437 1688 525 1754 nonin
561 1706 621 1769 quo
658 1689 845 1755 consedente
873 1688 959 1753 istud
991 1688 1051 1754 sibi
1079 1706 1190 1753 nomen

70 1790 180 1875 Cyrile
200 1782 392 1873 adsumpsit’.
418 1790 458 1855 'nt
482 1791 590 1856 exinde
612 1792 777 1872 strepitum
799 1790 991 1856 concitantes
1007 1789 1190 1855 calumniari

70 1893 245 1958 aduersarii
266 1897 438 1975 coeperunt.
463 1893 502 1958 Iit
524 1893 597 1975 quia
619 1894 676 1958 hoc
699 1894 799 1959 nostri
821 1894 983 1976 petierant,
1006 1898 1043 1959 nt
1064 1893 1188 1973 saltem,

31 1997 98 2061 resi
123 1996 298 2061 examinare
320 2014 380 2061 non
402 1996 515 2061 licebat
537 1995 683 2076 prudenti
705 1994 920 2075 multitudini,
943 1996 994 2062 nel
1016 1996 1190 2079 exspectare

68 2101 189 2179 liceret,
213 2099 357 2163 iubentur
378 2098 512 2162 uniuersi
534 2096 592 2161 filii
615 2098 785 2164 catholicae
807 2100 951 2165 ecelesiae
980 2103 1032 2182 qui
1060 2101 1191 2165 ederant

71 2200 208 2267 centonis
232 2199 368 2265 fustibus
390 2200 488 2264 tundi.
513 2198 600 2263 Tunc
623 2199 759 2265 clamare
774 2203 874 2284 coepit
891 2202 1000 2268 beatus
1015 2202 1188 2287 liugenius:

68 2298 188 2369 ‘uideat
210 2301 284 2367 deus
308 2302 372 2367 uim
395 2318 489 2384 quam
511 2301 655 2383 patimur,
680 2308 845 2385 cognoscat
868 2303 1068 2371 affiictionem
1085 2322 1190 2387 perse·

71 2406 246 2483 cutionum,
281 2424 373 2489 quarn
407 2422 425 2470 a
457 2404 704 2485 persecutoribus
738 2404 947 2471 sustinemns'.
984 2406 1240 2488 Conuersiqnebb

32 2510 170 2573 ronostri
193 2506 316 2592 cyrilae
338 2508 494 2572 dixerunt:
515 2504 661 2590 ‘propone
685 2506 767 2588 quod
789 2501 943 2591 disponis’.
973 2508 1074 2588 cyrila
1095 2510 1188 2575 dixit:

69 2611 185 2677 ‘nescio
214 2609 340 2677 Latine’.
379 2608 484 2675 Nostri
514 2608 647 2692 episcopi
677 2609 834 2674 dixerunt:
864 2610 993 2694 ‘semper
1023 2614 1055 2675 te
1078 2612 1189 2677 Latine

123 2834 136 2885 1
161 2834 244 2886 nostr
269 2846 341 2901 oppr.
365 2830 452 2900 mult]
477 2830 576 2901 aliquis
600 2832 747 2885 nostrornm
773 2831 965 2899 oppresseritd
1069 2830 1188 2898 diligunt

68 2920 139 2975 P¹R
240 2918 257 2972 2
281 2918 382 2973 colocat
411 2916 437 2970 V
535 2916 702 2985 cyrineum
728 2916 817 2971 cirilla
834 2916 872 2971 M
895 2916 1005 2971 cirilnb
1106 2916 1124 2969 3
1147 2933 1188 2970 sa·

68 3002 181 3058 tellibus
199 3004 281 3060 RVG
297 3002 495 3067 (domnedium
514 3002 598 3057 Irtstr·
616 3002 777 3071 11‚12,14):
795 3002 960 3057 satellitibus
977 3003 1037 3057 reu.
1132 3004 1188 3058 cols

72 3090 112 3145 W
213 3088 378 3144 metantibus
406 3088 428 3144 0
536 3087 623 3142 dille
647 3090 673 3143 b¹
700 3089 748 3143 illo
772 3088 854 3145 Ptm
956 3091 997 3141 est
1014 3104 1063 3143 cm.
1088 3088 1126 3142 W

67 3176 149 3245 grate
167 3174 281 3244 collatio]
307 3176 394 3229 tracta
411 3173 550 3229 collocutio
569 3175 586 3243 β
697 3176 713 3229 5
731 3174 822 3244 elatio]
844 3175 985 3244 poteotatis
1003 3174 1084 3228 elatio
1103 3175 1120 3245 β

69 3263 182 3332 inuno]
202 3276 273 3317 nunc
290 3264 412 3332 antemd
514 3262 727 3331 8ut1ueli⁷0¹
754 3263 802 3332 qui
825 3264 858 3319 0²
957 3261 1055 3316 libram
1073 3263 1120 3330 φβ

67 3348 202 3419 prolatum
227 3369 248 3415 φ
367 3348 383 3401 9
406 3362 488 3417 praue
513 3346 552 3401 L:
580 3363 692 3417 prauam
709 3348 791 3416 Βφα
820 3364 902 3417 praua
925 3348 960 3401 W
988 3347 1120 3416 probrad

68 3435 235 3503 adsumptam
254 3434 333 3491 RVG
356 3436 520 3502 assrrmptaxn
538 3433 605 3487 Mea
630 3434 768 3501 assumpte
784 3432 834 3500 Ld
946 3431 979 3486 10
996 3432 1071 3486 cirita
1093 3432 1116 3487 0
1141 3447 1185 3501 cy-

68 3520 133 3575 rille
151 3518 187 3572 Μ
190 3535 220 3573 a:
246 3534 294 3573 om.
314 3521 342 3573 P
453 3519 573 3587 aliquos.
590 3558 595 3569 .
612 3518 753 3573 dixerunt
770 3534 821 3573 orn.
840 3516 1019 3573 BVO¹MsL:
1047 3516 1089 3571 Ad
1106 3516 1154 3571 hec
1171 3534 1187 3571 a

67 3606 166 3660 nostris
178 3606 278 3661 dictum
291 3608 332 3659 cst
349 3606 381 3660 0²
475 3604 545 3658 dixit
561 3606 668 3673 legatur
685 3604 771 3660 nobis.
797 3605 854 3669 Qus
872 3602 1026 3657 concedente
1043 3602 1117 3657 istud
1135 3603 1186 3658 sibi

67 3706 164 3744 nomen
182 3690 264 3759 cyrila
281 3689 436 3759 adsumpsit.
462 3688 502 3755 Qd
525 3688 667 3758 superbum
692 3692 719 3741 et
736 3686 865 3741 illicitum
883 3686 936 3741 sibi
954 3702 1049 3741 nomen
1067 3690 1186 3756 usurpat.

67 3776 155 3830 nostri
179 3775 303 3831 detestati
327 3775 456 3831 dixerunt.
486 3776 522 3829 lit
540 3774 630 3829 exinde
649 3780 675 3829 et
692 3775 740 3829 rel.
758 3774 797 3829 sic
820 3774 859 3829 W
964 3773 1061 3843 aliquis
1078 3774 1118 3828 ab

69 3864 100 3916 11
121 3861 283 3916 detestantes
300 3878 330 3915 a:
358 3862 523 3915 destontosb
549 3860 666 3914 destanti
685 3858 737 3914 PR
830 3858 862 3912 12
881 3859 999 3928 legato
1092 3859 1124 3913 13
1141 3874 1185 3928 cy·

67 3949 131 4003 rilla
142 3948 196 4001 Mc
212 3947 296 4016 cyrila
308 3949 432 4015 nument
517 3949 544 4001 et
557 3962 640 4012 emp
740 3946 773 4000 14
786 3944 937 3999 aduersario
950 3943 1003 3998 PR
1100 3945 1133 3999 15
1143 3960 1186 3998 ex·

67 4038 171 4103 postero
188 4048 240 4088 mee
256 4036 369 4101 praeter
386 4032 413 4086 Β
517 4032 548 4087 16
569 4031 698 4087 adherent
716 4032 818 4085 catonis
836 4032 864 4086 P
965 4029 998 4084 18
1014 4028 1185 4085 afflictionem

67 4118 279 4188 persecutionum
292 4118 404 4187 serpat·
422 4118 459 4184 cf.
478 4118 566 4173 lodic.
581 4116 638 4173 111
652 4118 871 4187 ‘symaymemm
888 4116 1084 4171 coaccraots'c':
1102 4116 1186 4171 aldio·

66 4206 168 4259 tionem
200 4204 408 4273 persecutionem
436 4223 454 4257 a
488 4202 581 4259 alflict.
608 4203 798 4272 persecutionis
829 4203 868 4256 W
901 4200 1073 4256 afflictionem
1101 4204 1117 4275 β

66 4290 102 4345 ‘20
120 4290 228 4359 cyrillae
246 4295 273 4344 et
290 4289 383 4358 cyrilla
400 4289 453 4343 Mc
548 4290 580 4344 21
600 4288 723 4343 dixerunt
740 4290 891 4358 episcopie
989 4290 1017 4342 to
1034 4288 1117 4343 emb
