2992 4967
386 384 504 454 Opurc.
522 382 576 440 111.
603 382 682 440 Vite
698 383 731 439 B.
750 382 927 455 Epiphani.
1154 381 1217 452 363

84 574 278 643 Laurentius
293 572 536 640 Mediolanensis
551 573 720 658 episeopus.
745 574 799 657 qui
814 572 944 657 proiecti
958 590 1021 639 nna
1035 572 1217 638 &nonnam

85 678 185 745 etiam
208 676 325 759 pariter
342 678 562 761 peruenerunt,
584 675 722 759 suseepti
745 676 934 741 renerenter.
967 678 1131 758 postquam
1152 674 1218 739 illis

85 780 205 865 agendi
238 779 341 846 aditus
375 781 516 846 reclusus
550 780 607 860 est,
643 781 755 846 beatus
788 779 976 845 Laurentius
1010 779 1217 844 neceesarium

85 883 179 949 duxit
201 882 250 948 illi
272 882 473 967 potissimum
506 878 672 967 perorandi
700 883 821 965 copiam
849 883 932 961 dari,
965 882 1054 947 cuius
1081 880 1216 966 uestigia

60 984 298 1073 sirequentium
334 986 527 1071 legationum
564 985 735 1051 leboriosus
771 986 858 1051 cellis
892 985 1064 1050 adtrineret
1098 987 1130 1049 et
1162 1002 1217 1067 per

86 1090 253 1157 tramitem
277 1088 490 1155 huiuscemodi
508 1086 630 1155 itineris
646 1086 849 1155 cursitantem
864 1106 926 1154 non
940 1088 1039 1153 semel
1054 1086 1217 1171 hispidum
1315 1146 1319 1151 ,

85 1190 255 1259 castrensis
289 1190 394 1274 puluis
428 1190 577 1257 effecerat.
618 1190 673 1274 qni
701 1190 760 1256 teli
792 1190 933 1273 publices
966 1190 1133 1274 petitiones
1167 1194 1215 1255 est

85 1294 209 1361 orditus
241 1292 371 1378 eloquio.
414 1294 581 1377 “quercus
615 1292 821 1360 inuictisslme
847 1295 1006 1379 princepe,
1040 1312 1095 1375 per
1121 1293 1216 1358 innu-

85 1398 254 1465 merabiles
277 1416 434 1464 successus
457 1396 639 1463 felicitatem
661 1400 750 1463 tuam
773 1396 863 1463 fauor
878 1397 1004 1463 diuinus
1020 1396 1164 1473 sanxerit,
1187 1396 1214 1460 si

46 1520 145 1586 seper
166 1502 307 1569 ordinem
339 1502 493 1583 relegam,
528 1500 670 1583 agnoscis
696 1502 727 1567 te
757 1501 903 1566 uotorum
934 1518 1066 1583 pereum
1097 1497 1217 1564 meiere

88 1622 210 1688 semper
232 1624 251 1671 e
273 1605 330 1670 deo
353 1605 458 1669 nostro
486 1603 634 1669 beneficia
661 1604 815 1687 accepisse
844 1621 938 1686 quam
959 1606 1082 1687 optasse
1104 1600 1216 1667 memi-

88 1708 183 1773 neris.
228 1704 345 1772 suffieit
379 1709 486 1772 tamen
518 1705 630 1772 horum
662 1724 760 1772 unum
790 1724 914 1771 narrare
947 1709 1000 1773 sed
1034 1707 1215 1780 marimum,

88 1810 173 1893 qnod
195 1810 279 1893 apud
300 1812 333 1876 te
354 1811 527 1894 principem
550 1808 596 1875 ibi
618 1824 779 1875 seruorum
803 1814 928 1875 tuorum
946 1826 1057 1875 causes
1080 1808 1214 1891 egimus,

88 1912 145 1979 nbi
178 1913 299 1997 solebat
332 1913 476 1979 inimicus
510 1916 582 1978 tuus
617 1912 708 1978 huius
743 1912 815 1978 solii
846 1912 1038 1996 possessione
1070 1914 1213 1996 gaudere.

48 2016 185 2083 sehabet
207 2016 378 2100 plurimum
401 2014 526 2083 Christo
554 2016 742 2098 redemptori
765 2017 871 2083 nostro
895 2016 978 2100 quod
1000 2016 1126 2082 debem:
1161 2032 1216 2098 pro

88 2120 202 2203 quibus
235 2138 380 2203 rogamus
415 2120 481 2201 ipse
513 2118 646 2203 largitus
676 2122 733 2185 est.
773 2120 947 2185 cauendum
978 2118 1067 2185 nobis
1091 2122 1154 2203 est,
1178 2136 1217 2182 ne

88 2220 266 2287 offendatur
289 2222 395 2287 auctor
416 2223 565 2301 muneris,
588 2220 615 2287 si
638 2224 718 2305 quod
740 2224 898 2306 praestitit
913 2241 975 2289 non
990 2242 1140 2289 amemus.
1162 2221 1216 2286 din

88 2323 244 2407 suspendo
271 2322 415 2389 fiduciam
444 2341 562 2391 meam:
591 2326 696 2407 placet
717 2324 763 2391 ire
785 2343 840 2408 per
860 2325 1000 2410 singula,
1024 2344 1101 2410 quae
1123 2324 1217 2391 fando

90 2427 216 2509 eonperi
249 2443 388 2509 quaeque
421 2428 561 2510 perspexi
596 2430 762 2493 accessisse
794 2428 857 2495 tibi
883 2428 1061 2495 diuinitatis
1090 2427 1215 2493 auxilio.

51 2529 153 2595 eoscie
176 2548 254 2613 quse
269 2530 301 2595 te
316 2526 514 2613 pollicebaris
537 2532 693 2607 acturum,
716 2532 841 2613 quando
857 2529 1217 2597 confertissimisinimi·

90 2648 200 2698 corum
223 2633 327 2698 cuneis
350 2630 535 2715 arguebaris
557 2636 590 2697 et
611 2630 693 2697 circa
715 2650 820 2697 muros
835 2631 1011 2699 Tioineneis
1032 2633 1216 2699 ciuitatulae

89 2734 216 2801 hostilis
233 2735 305 2801 litui
321 2734 450 2819 clangor
464 2736 625 2818 streperet,
648 2735 772 2817 quando
787 2735 884 2801 armis
898 2752 1027 2802 numero
1044 2736 1215 2801 aduersarii

90 2839 337 2923 praestantiores
359 2838 531 2905 subsistere
553 2838 620 2904 sola
639 2841 744 2904 tecum
760 2836 928 2904 dimicante
951 2837 1083 2903 caelitus
1104 2836 1217 2904 muisi-

90 2941 147 3009 bili
176 2940 295 3007 uirtute
325 2958 386 3007 non
414 2942 569 3025 poterunt.
607 2940 743 3008 audebat
771 2946 804 3008 te
830 2940 958 3026 adgredi
986 2942 1039 3024 qui
1063 2941 1215 3007 exercitus

145 3228 160 3280 1
183 3228 377 3283 medolanensis
399 3228 424 3285 V
525 3229 542 3283 3
564 3229 723 3301 horontius]
747 3231 955 3287 mediolanensis
976 3220 1022 3304 eps
1039 3232 1152 3292 adds

89 3330 455 3387 necessarium-laboriosus
476 3333 607 3387 Tisaeae.
710 3334 729 3389 4
746 3333 789 3389 illi
797 3342 862 3405 poet
872 3336 1043 3406 potissimum
1061 3335 1117 3391 Te.
1130 3335 1149 3391 l.

89 3452 200 3508 aaron
299 3452 477 3524 streperem
494 3454 523 3509 s
626 3454 784 3512 senene
805 3456 861 3513 sn
963 3430 1104 3541 sumni
1120 3456 1149 3511 s

88 3572 107 3627 9
124 3537 417 3643 erexerit]‘ex''e'1¹er'“i't⁸13
435 3574 467 3645 (i.
484 3575 634 3631 exhibuerit
650 3591 673 3633 e.
688 3576 705 3631 l.
723 3592 759 3634 err.
771 3580 851 3646 rec),
878 3580 1006 3635 extulerit
1023 3578 1149 3635 mosee

89 3658 124 3713 10
151 3658 269 3727 relegem
296 3675 331 3714 esc
356 3659 476 3729 regalem
501 3666 533 3716 eet
558 3661 671 3716 uideor
697 3677 769 3719 cerr.
796 3664 823 3719 L
925 3679 1049 3735 agnosces
1075 3663 1148 3719 Bell.

89 3747 123 3801 11
151 3746 244 3815 optare
273 3746 299 3799 T
416 3746 450 3802 12
475 3746 581 3803 snldeet
607 3746 634 3801 B
748 3746 855 3819 horam]
882 3748 932 3805 hoe
958 3748 1040 3803 Silere
1156 3764 1216 3803 ner-

88 3845 147 3885 rere
171 3828 203 3885 V·
314 3830 346 3885 14
364 3832 457 3893 solnm
470 3834 566 3903 potirer
583 3848 664 3902 wem
682 3832 839 3900 1011111113,
868 3834 918 3889 soli
936 3836 1004 3890 coest
1024 3832 1149 3890 betocer

91 3933 123 3988 17
142 3934 262 3991 actorT
343 3936 467 4006 prestitit
479 3934 593 3993 BLTV
674 3938 707 3992 19
723 3923 829 4007 {eumer
843 3938 870 3993 T
953 3936 1053 3991 auxilia
1064 3934 1147 3991 dim.

89 4044 126 4101 eo
148 4047 176 4100 ee
200 4044 228 4100 a
244 4061 265 4100 e.
284 4045 303 4100 e.
407 4046 441 4101 er
464 4046 604 4117 regemne
631 4048 687 4103 rr
705 4050 778 4118 (poet
794 4052 876 4116 corr.)
980 4023 1138 4104 cessere
1155 4024 1216 4104 eier-

90 4138 181 4194 neneis
207 4138 265 4195 LV
375 4138 539 4195 conuitetule
567 4140 601 4196 ΓΙ
724 4141 758 4196 22
784 4140 872 4196 hostis
904 4142 986 4198 Sires
1100 4144 1163 4198 litui
1190 4142 1219 4199 B

89 4224 133 4280 tui
156 4224 246 4291 ΜΨ,
272 4226 327 4280 tnie
351 4224 433 4280 Siren
538 4225 572 4280 23
599 4226 789 4296 prestantiores
816 4226 844 4283 B
946 4226 1095 4283 demicante
1121 4228 1149 4283 L

88 4309 124 4365 24
142 4308 269 4365 audiebat
287 4310 314 4365 L
