2992 4967
480 324 715 395 Epistularum
735 322 823 379 liber
840 322 874 377 V.
1178 323 1240 391 135

104 514 191 581 biles
215 514 395 598 disciplinas
410 514 541 580 Romam
565 515 686 596 petenti
703 531 761 597 pro
781 513 907 579 ferratis
929 512 1099 579 calcaribus
1121 512 1241 579 sufficit

101 636 167 683 uos
184 618 297 685 uidere.
321 618 348 682 si
370 620 409 684 ab
424 618 620 683 humanitate
643 634 703 684 nou
720 620 883 700 discrepat,
899 616 1128 685 sublimitatem
1149 622 1242 681 tuam

103 740 222 806 gerens
244 726 317 789 ante
341 723 446 789 oculos
480 723 572 787 rebus
602 726 641 789 ad
664 725 816 789 uirtutem
850 724 1077 807 potiusquam
1109 720 1240 787 monitis

102 826 274 893 excitatur.
291 827 444 910 magistra
458 828 573 893 laboris
596 828 644 892 est
659 829 758 893 laudis
780 826 922 905 ambitio,
937 828 1102 909 praecipue
1116 824 1240 908 quaudo

79 928 138 995 ein
165 930 222 995 illo
244 928 407 1009 exuberat,
431 950 524 1013 quem
545 931 656 995 similis
679 932 814 996 retineas
836 928 935 995 fuisse
955 929 1111 994 fortunae.
1134 928 1189 993 sad
1211 926 1239 992 si

102 1034 199 1101 uobis
222 1035 308 1101 cordi
330 1054 413 1113 sum,
447 1034 529 1100 circa
551 1036 757 1100 memoratum
785 1034 906 1117 patrem
933 1033 1070 1110 reddite,
1094 1032 1132 1096 nt
1153 1048 1241 1096 amor

101 1139 238 1202 mutuus
254 1138 292 1203 de
314 1138 429 1205 incana
451 1138 633 1220 inpensione
648 1137 833 1221 gratuletur,
849 1138 886 1201 ιιι
896 1136 1045 1219 quicquid
1068 1136 1101 1199 in
1117 1136 1240 1218 magni-

101 1240 219 1305 tudine
242 1242 297 1307 tua
312 1240 430 1307 dudum
446 1240 560 1307 laboris
576 1240 702 1305 exhibui
724 1240 804 1305 mihi
819 1259 875 1322 per
890 1240 1024 1304 alterum
1040 1240 1237 1303 reformetur.

104 1342 247 1421 domine,
272 1346 417 1426 utsupra
440 1343 640 1411 salutationis
663 1345 812 1429 obsequia
826 1344 1003 1427 dependens
1019 1344 1097 1409 satis
1112 1360 1179 1408 esse
1200 1345 1239 1407 ad

68 1462 94 1499 1⁰
104 1448 410 1513 commendationem
444 1448 578 1527 credidi,
612 1448 640 1514 si
670 1448 723 1531 qui
758 1450 838 1512 esset
866 1448 996 1530 portitor
1027 1464 1090 1511 non
1116 1446 1240 1511 lateret.

105 1568 239 1629 precum
255 1550 432 1631 prolixitate
446 1552 547 1617 utitur
563 1550 600 1618 do
615 1551 825 1634 impetratione
841 1548 1001 1616 diffidens:
1017 1553 1240 1632 argumentum

107 1652 158 1714 est
180 1652 225 1717 nil
248 1654 397 1719 merentis
413 1654 467 1719 diu
489 1674 606 1739 rogare.
630 1655 766 1719 facessat
789 1653 960 1718 amoribus
982 1654 1053 1731 tuis,
1074 1654 1111 1717 ul
1127 1651 1238 1735 perdas

107 1754 335 1821 beneficiorum
358 1759 500 1841 genium,
535 1762 609 1823 dum
631 1758 724 1842 longa
747 1758 975 1842 supplicatione
998 1756 1180 1840 producitur
1202 1757 1241 1820 de

108 1856 223 1921 effectu
246 1858 339 1925 celeri
360 1860 580 1926 subleuandus.

70 2064 96 2103 rs
638 2048 712 2113 XII.

419 2180 603 2237 ENNODIVS
622 2180 760 2237 FAVSTO
779 2184 930 2239 IVNIORI.

153 2307 219 2371 Deo
242 2308 359 2389 gratias
380 2306 557 2387 praefatus,
588 2307 641 2389 qui
663 2308 824 2373 oculorum
846 2326 986 2373 meorum
1009 2329 1084 2392 quas
1107 2311 1239 2393 inexpli-

106 2408 221 2475 cabilis
238 2410 323 2476 dolor
338 2415 500 2493 pepererat
522 2410 618 2475 nubes
635 2412 792 2490 abstersit,
814 2412 882 2476 iure
905 2414 945 2479 ad
968 2414 1072 2495 ipsum
1087 2415 1239 2482 beneficia

105 2530 166 2577 sua
187 2513 341 2589 referens,
364 2514 418 2597 qui
440 2516 548 2579 lumen
570 2514 656 2579 dedit
679 2517 710 2579 et
732 2514 878 2581 reddidit.
912 2515 966 2581 nix
988 2517 1072 2582 enim
1094 2520 1166 2601 post
1188 2517 1238 2583 iu·

70 2632 253 2679 annumeret
286 2615 353 2681 dies
386 2616 528 2681 sanitatis
562 2614 676 2683 fiducia
701 2619 861 2684 animante
895 2619 1022 2701 respiro.
1060 2625 1090 2685 et
1120 2621 1177 2685 hoo
1199 2622 1239 2687 ad

106 2717 283 2782 absentiam
306 2720 451 2783 culminis
472 2719 570 2783 uestri
592 2719 789 2802 prolixiorem
812 2722 949 2803 respicit,
974 2726 1113 2805 atquem
1128 2724 1238 2805 genius

106 2838 184 2885 snus
207 2818 244 2883 de
266 2822 430 2887 uicinitate
453 2823 591 2887 deseruit
612 2824 658 2889 uil
676 2824 815 2889 inderet:
838 2825 893 2889 sed
908 2828 1017 2907 potens
1033 2826 1081 2889 est
1103 2824 1168 2906 ille,
1184 2827 1238 2909 qui

107 2922 247 3005 corporis
280 2925 356 2989 tulit
390 2926 529 3008 nebulae,
565 2947 670 2993 rernm
703 2928 870 2993 serenitate
906 2931 1030 2993 mutare
1063 2929 1237 2995 tristitiam.

107 3028 181 3107 post
196 3027 402 3093 elocutionem
425 3030 619 3095 necessitatis
641 3031 680 3095 ad
696 3031 860 3111 negotium
883 3032 984 3111 redeo,
1001 3029 1082 3113 qnod
1098 3034 1239 3098 coactum

72 3150 97 3192 ns
107 3128 282 3209 inpetrauit
303 3130 494 3213 adloquium.
518 3133 678 3211 amabitis,
702 3135 738 3199 ιιι
760 3152 867 3216 spero,
891 3135 1042 3213 baiulum,
1065 3154 1160 3218 quem
1182 3136 1239 3201 ad-

107 3230 185 3295 serit
215 3249 310 3297 causa
331 3234 485 3299 ueniendi.
515 3235 680 3301 Partenins
710 3238 823 3302 sororis
852 3256 940 3303 meae
963 3238 1047 3303 filius
1074 3257 1130 3321 por
1159 3238 1238 3303 libe·

106 3332 183 3398 ralis
214 3335 311 3399 studii
339 3336 531 3420 disciplinas.
546 3340 700 3421 ingenuus
723 3340 793 3404 uult
816 3341 930 3406 uideri:
954 3346 1056 3423 optat,
1078 3344 1110 3405 ni
1133 3340 1236 3417 fallor,

106 3436 222 3519 peculii
252 3439 349 3505 uestri
378 3439 491 3506 habere
519 3441 749 3508 testimouium.
789 3444 971 3529 magnitudo
1000 3444 1098 3526 igitur
1131 3447 1238 3509 uestra

160 3622 289 3677 lieratia
309 3626 342 3679 T¹
441 3627 594 3681 calcarebua
612 3627 651 3682 Β1
755 3628 1016 3684 aasubnmiratom
1035 3628 1063 3683 Β
1160 3630 1237 3683 bro·

105 3708 314 3765 tirroasBs.l.
419 3712 585 3767 ScordisB
688 3714 836 3770 ,(ιιιιιεθΙιι

159 3812 221 3866 xrs
260 3796 730 3882 northusunensem
829 3818 861 3871 ιι
879 3833 945 3887 quas
964 3818 1123 3884 (aare.)
1144 3818 1171 3871 r

107 3934 140 3985 18
165 3906 288 4002 pepereat
311 3934 338 3989 12
452 3936 660 3991 abstersitmiuro
685 3938 729 4004 (iti
748 3940 780 3993 aba
795 3938 863 4005 ras.)
885 3936 912 3992 V
1022 3938 1058 3992 22
1080 3939 1236 3995 uicinitatos

105 4052 173 4107 LV¹
276 4054 473 4123 requiescum
492 4056 518 4109 Β
621 4058 655 4112 25
672 4024 827 4143 adloquium
846 4060 874 4113 Β
990 4060 1121 4115 amanetis
1139 4062 1167 4116 Β

106 4155 223 4211 baiolum
241 4157 270 4210 Β
380 4158 414 4212 26
433 4165 459 4213 et
473 4166 571 4228 posteo
589 4160 744 4229 parthenius
766 4163 807 4217 Tb
919 4164 1042 4218 liberaris
1060 4164 1100 4230 L,
1128 4164 1236 4218 liberali

103 4241 131 4294 Β
235 4242 269 4295 27
288 4244 340 4296 nisi
360 4244 386 4297 Β
488 4248 522 4299 28
539 4249 624 4300 nostri
643 4248 703 4313 Po,
730 4249 788 4302 neri
804 4251 871 4317 sort.
986 4251 1123 4305 haberafia
1139 4251 1168 4304 Β
