2992 4967
492 384 578 438 iasar
596 384 649 451 111,
672 382 784 438 aa-aa.
1163 387 1205 453 89

59 575 201 655 gentem
224 572 284 641 sibi
312 574 421 643 adase
451 574 575 641 medens
598 571 767 657 gandium,
796 572 852 637 ubi
878 572 1003 639 nnllam
1031 572 1205 637 humanum

61 695 141 746 esso
166 676 356 747 somniantis
380 676 538 753 affectum,
566 694 605 743 ue
628 675 717 741 fieret
746 674 946 757 supplicarit.

118 814 171 899 (V,
187 814 221 895 9)
246 812 334 879 iuno
356 812 453 879 etiam
477 810 615 896 hugonis
638 814 763 895 pastore
778 813 841 878 ianr
864 812 897 877 in
920 812 1011 877 exilio
1030 812 1255 880 constitut034

63 920 102 980 et
122 918 287 981 uniuersus
304 918 405 982 clerus
421 914 567 981 ecclesiae
584 912 795 999 Carthaginis,
814 916 909 981 caede
923 916 1086 999 inediaque
1101 935 1204 981 mace·

38 1022 181 1101 aratus,
212 1018 275 1084 iere
298 1016 462 1104 quingenti
485 1021 537 1084 uel
560 1017 709 1102 amplius,
740 1020 821 1084 inter
850 1035 925 1101 quos
954 1018 1205 1101 quamplurimi

66 1122 165 1187 arant
193 1122 324 1187 lectores
352 1120 515 1197 infantuli,
550 1122 722 1206 gaudentes
756 1122 789 1186 in
818 1122 942 1187 domino
972 1122 1082 1204 procul
1112 1123 1204 1188 exilio

67 1224 196 1289 crudeli
213 1224 390 1291 traduntur.
416 1220 476 1289 Sed
491 1224 672 1291 libertatem
688 1226 773 1306 tunc,
797 1224 871 1289 dum
886 1224 990 1290 modia
1005 1226 1081 1289 urbe
1098 1225 1206 1290 caeda-

66 1330 193 1403 rentur,
218 1326 367 1392 linrittae
397 1326 517 1391 diaconi
540 1326 652 1392 ceteris
675 1326 854 1393 liberiorem
883 1328 985 1393 tacere
1013 1345 1076 1392 non
1099 1328 1204 1394 debeo.

66 1432 150 1496 snit
173 1430 300 1513 quidam
317 1429 514 1512 lllpidoiorns
531 1430 656 1495 nomine
672 1430 805 1495 nimium
822 1430 956 1495 crudelis
979 1436 1010 1495 et
1033 1430 1128 1509 ierus,
1157 1433 1207 1496 cni

29 1534 181 1599 insuerat
202 1532 382 1615 delegatum
405 1532 546 1597 membra
569 1533 782 1598 confessorum
799 1530 915 1598 Christi
939 1532 1098 1617 suppliciis
1121 1552 1205 1617 gras-

70 1636 220 1703 santibus
243 1636 369 1700 laniare.
392 1636 454 1701 Hic
477 1636 560 1700 anim
580 1636 702 1702 dudum
726 1636 827 1701 inerat
842 1638 918 1719 aput
941 1655 996 1701 nos
1019 1640 1051 1702 in
1075 1636 1206 1703 ecclesia

70 1738 187 1805 Fausti
209 1740 395 1822 baptisatus,
419 1756 511 1820 quom
528 1738 716 1804 uenerabilis
731 1737 866 1805 Muritta
889 1739 1037 1805 diaconus
1060 1740 1097 1804 de
1117 1741 1205 1805 alnoo

72 1840 176 1908 fontia
196 1848 373 1922 susceperat
388 1846 581 1925 generatum.
605 1842 682 1908 Post
696 1860 771 1907 uero
787 1842 862 1907 dum
878 1844 1077 1925 apostataret,
1100 1846 1207 1908 tantas

71 1944 185 2010 extitit
213 1944 347 2010 feritatis
376 1947 521 2011 aduersus
543 1945 703 2010 ecclesiam
732 1944 798 2024 dai,
828 1947 866 2011 ut
895 1945 1035 2031 superior
1062 1945 1207 2011 omnibus

37 2066 63 2109 ra
73 2051 240 2114 exsecutor
263 2046 484 2130 persecutionis
508 2046 620 2113 inisset
650 2050 806 2113 inuentus.
853 2046 934 2128 Quid
963 2048 1088 2115 multa?
1125 2048 1208 2113 Dum
1218 2050 1260 2116 35

73 2154 180 2236 primo
203 2149 376 2233 presbyteri
398 2148 558 2234 suppliciis
589 2152 770 2215 macerandi
792 2151 899 2216 ordine
922 2152 1111 2233 citarentur,
1139 2156 1210 2235 post

75 2254 330 2320 archidiaconum
359 2251 536 2317 Salutarem
565 2254 685 2318 amatur
710 2257 817 2336 poenis
846 2258 1037 2320 memoratus
1060 2254 1209 2331 Muritta3

75 2358 142 2423 fuit
165 2356 249 2422 enim
264 2357 418 2422 secundus
433 2356 466 2419 in
483 2354 585 2421 oilloio
601 2355 829 2422 ministromm.
854 2356 915 2437 Qui
938 2375 1009 2421 cum
1029 2356 1210 2440 lllpidoloro

77 2464 207 2527 sedente
223 2461 255 2525 et
271 2460 424 2525 fremente
447 2458 639 2526 honorabilis
663 2462 764 2526 senior
787 2460 938 2543 coepisset
953 2460 1084 2541 extendi,
1107 2460 1210 2543 prius·

43 2580 175 2647 acquam
197 2562 374 2641 exueretur,
407 2562 488 2629 clam
510 2562 591 2628 forte
615 2562 823 2629 nescientibus
847 2564 967 2628 cunctis
996 2562 1067 2641 illa,
1098 2566 1210 2646 quibus

77 2684 152 2731 eum
181 2666 353 2751 suscipiens
386 2666 423 2731 de
448 2667 534 2731 fonte
567 2666 686 2732 dudum
715 2672 854 2745 texerat,
888 2668 1003 2732 sabana
1035 2666 1208 2731 baiulabat.

51 2778 56 2789 '
79 2769 201 2851 Quibus
216 2768 378 2834 uentilatis
394 2770 548 2852 simulque
570 2770 609 2835 in
632 2770 864 2835 ostensione
880 2772 1061 2834 cunctorum
1072 2770 1211 2864 ,omentis

78 2872 113 2937 in
138 2872 187 2938 bis
209 2873 311 2937 uerbis
335 2876 434 2939 totam
458 2875 497 2939 ad
520 2875 630 2939 ilatum
654 2876 684 2939 at
706 2873 853 2939 lacrimas
877 2872 1082 2937 commouisse
1097 2872 1213 2938 dicitnr

80 2976 260 3044 ciuitatem:
284 2976 370 3041 ‘hacc
392 2978 465 3042 aunt
491 2978 691 3057 linteamina,
714 2976 893 3060 lllpidoiora
920 2975 1065 3041 minister
1089 2972 1263 3049 error-iasa

186 3180 219 3235 22
251 3181 319 3240 Etsi.
339 3183 364 3247 6,
384 3180 425 3237 13.

136 3370 259 3428 ruallus
277 3371 354 3427 ouh
445 3371 612 3431 1111111110π
633 3372 767 3429 humanus
785 3373 833 3429 cla
925 3373 942 3425 2
960 3376 1032 3427 esset
1046 3371 1143 3440 0111141

83 3459 198 3519 effeetus
219 3457 281 3516 (ΡΒ
307 3472 426 3515 mensus
443 3475 462 3513 a
489 3458 613 3513 abachum
632 3458 661 3515 P
760 3461 828 3513 det
844 3474 895 3512 ora.
913 3458 960 3513 aL
1062 3459 1214 3511 moeretur

83 3544 126 3601 Lo
230 3545 245 3597 7
269 3545 415 3604 munnam
438 3544 502 3601 ch
522 3544 567 3610 (cf.
586 3542 633 3609 II,
651 3546 689 3599 37
706 3544 758 3599 tali
775 3544 854 3599 exilio
872 3545 1033 3612 mancipatis
1044 3564 1080 3592 τι
1091 3542 1213 3610 traditis)

84 3629 234 3699 truduntur
251 3630 296 3685 hR
321 3631 475 3689 emautur
493 3631 521 3686 P
614 3628 770 3685 aunuum
790 3630 909 3686 Ws²aht
936 3629 1115 3685 liborantes
1132 3629 1216 3685 BVO

84 3716 120 3771 Μ
144 3716 270 3771 libertate
289 3717 343 3775 PR
369 3718 514 3775 liberabat
605 3733 665 3771 oum
678 3716 811 3771 demodis
831 3718 867 3773 W
959 3719 977 3771 8
995 3716 1145 3770 muritnob

83 3803 238 3859 liberiorem
255 3816 403 3861 samonem
428 3804 523 3859 Vibia¹
625 3802 845 3872 thelpidoforua
866 3804 904 3859 W
997 3803 1089 3856 lerum
1114 3802 1146 3857 W

86 3890 318 3947 morcambus
336 3890 545 3947 RVOWroPo
651 3892 682 3945 11
702 3891 778 3959 aput]
795 3890 836 3944 sic
852 3889 941 3945 BWo
1034 3887 1126 3943 fuerat
1142 3888 1214 3956 apud

86 3993 133 4031 nos
150 3975 286 4045 (ἰυάωιιβ
391 3976 422 4031 12
446 3976 573 4033 murritta
596 3976 631 4031 W
656 3976 797 4031 muritsb
901 3975 988 4045 alueo]
1011 3973 1098 4029 alieno
1121 3975 1149 4029 P

87 4064 120 4119 16
143 4062 291 4131 presbitero
314 4060 395 4129 (prbe
415 4060 453 4125 V)
477 4062 545 4119 ΒΨ
662 4062 693 4116 ll
720 4062 918 4117 arcidiaconum
944 4061 972 4115 Β
1085 4059 1216 4115 arciridia·

87 4165 168 4206 conus
186 4146 353 4206 usuaribus
371 4147 404 4202 0²
507 4150 653 4218 aptaburb
757 4148 894 4201 maritat
997 4147 1031 4201 18
1047 4146 1215 4215 helpidoioro

91 4237 126 4294 W
220 4235 254 4289 21
272 4246 329 4289 cam
348 4234 376 4289 P
470 4232 606 4291 barabbas
622 4234 684 4289 ML
782 4234 817 4288 22
834 4234 987 4289 extensione
1005 4250 1024 4287 a
1120 4233 1154 4287 23
1172 4235 1215 4287 to·

89 4319 232 4390 lumbi*
261 4322 320 4376 sota
340 4319 379 4375 W
481 4318 726 4375 241111111111Β17ι
830 4320 895 4373 sunt
912 4334 963 4373 om.
981 4319 1010 4373 P
