2992 4967
1117 370 1217 418 XXVII

229 541 281 607 Sic
302 541 409 623 fuerat
431 542 583 622 qnoniam
605 540 719 605 teucris
741 540 870 606 eductus
891 540 932 605 at
953 540 1061 622 annm,

342 644 397 711 Ad
419 645 544 709 motura
566 662 659 709 occec
680 644 814 707 constit
834 643 983 724 emperia.

89 764 317 830 cohaerentiam
340 766 513 831 carminum
537 766 579 831 82
601 766 634 830 et
647 764 698 843 83,
721 782 799 848 quae
822 764 970 830 carminis
994 764 1036 828 82
1057 782 1152 828 uersu
1177 762 1218 829 10

87 868 138 931 sed
159 886 274 933 russos
294 868 405 951 moqed
426 868 542 932 messos
564 868 608 932 od
630 866 809 950 obsequium
828 870 882 951 (se.
892 866 1045 950 populus)
1071 866 1216 945 efficitur,

87 971 254 1037 manifesto
288 972 417 1037 consilio
451 972 582 1037 sustulit
620 971 785 1037 scribendo
819 991 898 1053 quoe
929 970 1029 1035 nimis
1059 970 1218 1036 cuccllcnt

88 1092 176 1157 ocyor
197 1074 278 1139 toro
299 1075 396 1156 rupit.
431 1076 456 1139 si
479 1076 548 1158 quis
571 1076 670 1160 igitur
694 1076 918 1159 discrepantius
942 1092 1049 1140 omnes
1072 1075 1217 1139 accurate

87 1179 264 1261 inspexerit,
300 1179 493 1261 quadraturii
525 1196 616 1263 opero
644 1196 696 1245 ecs
725 1183 764 1245 sd
793 1196 849 1244 uos
876 1180 1054 1261 peruenisse
1082 1178 1135 1242 uix
1157 1176 1217 1241 siti

86 1284 272 1362 persuadere
301 1283 426 1364 poterit.
463 1282 519 1347 sed
548 1300 655 1348 uereor
683 1302 722 1347 ne
751 1283 786 1347 in
807 1300 840 1346 re
863 1286 971 1365 operte
1001 1282 1094 1365 pluro
1123 1282 1218 1345 uerbo

85 1381 191 1449 deense
219 1384 340 1451 uideor.
371 1388 538 1469 utcumque
572 1387 610 1451 de
642 1387 754 1451 horum
785 1386 961 1451 carminum
987 1386 1108 1468 origine
1131 1384 1217 1468 eogi-

86 1488 211 1571 toueris,
234 1490 274 1554 sd
296 1491 482 1554 recensenda
497 1490 632 1554 ltnnudii
655 1489 753 1554 uerba
768 1489 848 1553 nihil
868 1489 1021 1568 adierunt,
1041 1506 1098 1553 nee
1113 1488 1216 1551 ullum

86 1590 253 1655 minimum
283 1610 375 1656 uerae
403 1592 574 1675 scripturus
602 1592 756 1657 indicium
784 1592 817 1657 in
840 1593 997 1658 Alsietina
1025 1593 1077 1657 uel
1099 1591 1216 1656 Fonte·

87 1692 178 1759 niano
201 1695 379 1761 recensione
403 1696 511 1781 dispici
534 1699 648 1779 potest.

232 1950 281 2035 Il.
307 1950 369 2037 Dll
395 1952 739 2040 EMENDATIONE
765 1950 1065 2043 ENNODIANA.

127 2139 257 2207 Codices
281 2160 356 2224 quos
381 2146 562 2209 enumerari
585 2163 690 2209 omnes
707 2164 742 2209 ex
758 2162 818 2209 uno
840 2145 1006 2226 archetypo
1029 2140 1215 2207 descendere
1251 2151 1351 2233 codicem

87 2244 272 2326 scriptorum
314 2245 437 2323 ordine,
475 2246 663 2312 'lacunarum
706 2246 938 2323 commuuione,
982 2245 1139 2328 frequenti
1181 2246 1216 2310 in
1247 2222 1353 2273 mm·

85 2348 228 2413 maximis
263 2347 462 2433 minimisque
496 2354 586 2417 rebus
620 2351 826 2417 similitudine
850 2351 1012 2416 enincitur.
1052 2348 1214 2415 discedunt

86 2451 189 2516 entem
218 2450 253 2515 in
284 2451 360 2517 duas
391 2452 526 2520 familiae
550 2456 605 2534 ita,
634 2458 671 2520 ut
694 2456 786 2521 nnius
808 2455 900 2520 testis
923 2452 1091 2535 singularis
1115 2454 1215 2518 exstet

85 2552 162 2619 liber
193 2554 416 2640 Bruxellensis,
447 2556 575 2621 ulterius
604 2559 666 2623 sint
696 2557 839 2642 quamuis
869 2556 1054 2643 integritate
1077 2558 1159 2623 iuter
1181 2576 1214 2622 se

84 2656 200 2723 diuersi
223 2658 338 2740 reliqui
360 2676 474 2724 omnes.
507 2678 584 2744 quse
608 2662 748 2747 coguatio
763 2662 821 2725 hoc
836 2662 1003 2725 stemmate
1018 2659 1215 2744 depingitur:

356 2782 550 2867 Archetypus

86 3973 112 4037 B
134 3978 241 4041 eutem
261 3992 325 4040 uon
354 3976 455 4041 solum
479 3994 523 4053 eo,
554 3976 636 4058 qnod
658 3977 808 4041 nonnulle
836 3976 954 4058 scripte
982 3977 1066 4042 eolus
1090 3996 1213 4043 conser-

86 4078 183 4160 uauit,
206 4081 259 4144 sed
283 4080 379 4144 etium
401 4076 626 4161 scripturorum
658 4078 841 4163 integritate
866 4078 912 4144 ita
933 4080 1044 4145 ceteris
1064 4084 1212 4162 praestat,

86 4180 121 4243 ut
153 4198 225 4247 eum
256 4182 367 4247 ducem
400 4181 597 4249 fidissimum·
618 4183 705 4265 sequi
739 4179 919 4247 debeamus.
957 4184 1144 4264 reliquorum
1179 4199 1214 4245 eo

87 4284 282 4361 potissimum
311 4280 490 4351 continetur
517 4285 651 4359 utilitas,
681 4286 718 4349 ut
746 4303 852 4349 eorum
882 4302 976 4368 opere
997 4285 1128 4349 lucuuse
1148 4284 1214 4347 sin·
