2992 4967
286 343 349 409 432
643 338 757 408 Magni
774 336 901 413 Belleia
917 336 1053 392 Enuodi

286 530 460 615 inquisitori
477 526 587 596 futura
601 528 799 595 oeoineruut:
823 520 897 594 hino
919 528 1025 593 iurum
1042 527 1173 594 sordidis
1189 545 1295 593 aerem
1312 527 1427 610 ipsum

284 635 397 720 polluit
419 649 546 716 sparsus
568 651 623 716 per
644 632 746 697 multa
767 631 932 714 oontagiis.
969 633 1009 696 ad
1030 630 1161 707 ultima·
1178 630 1254 695 lriuo
1275 634 1429 696 motata

286 756 340 821 per
361 735 493 802 lanistas
514 735 689 803 hostiorum
711 733 885 800 multitudo
906 734 1052 816 quioquid
1068 736 1156 827 deus
1179 738 1230 798 sst
1252 732 1426 817 ellugauit,

285 844 359 905 duur
382 839 464 905 farm
486 841 613 923 sanguis
636 840 709 905 tura
729 838 877 904 uoruinas
890 837 992 903 idolis
1008 837 1200 916 erbibsntuu
1223 839 1302 903 dum
1317 838 1427 903 ritum

283 943 460 1026 simplioem
476 945 563 1009 astus
578 941 700 1009 Christo
714 942 843 1008 inimiea
856 958 919 1006 non
941 937 1053 1023 resipit
1067 942 1102 1007 et
1117 939 1305 1006 multifariis
1322 956 1427 1005 osnsu
1447 960 1460 999 s

286 1046 447 1112 laborante
475 1040 684 1112 oblationibus
710 1063 878 1130 supernam
907 1049 1064 1111 mereatur
1094 1044 1252 1110 offensam.
1299 1043 1425 1109 liberet

285 1151 330 1215 ire
351 1168 407 1232 per
428 1149 557 1235 singula
576 1152 609 1214 st
630 1150 826 1215 funestorum
851 1152 972 1215 seorsis
999 1148 1154 1217 fretorum
1177 1148 1307 1233 liuguae
1331 1148 1425 1213 olaus

286 1270 430 1331 reserare,
455 1254 487 1318 ni
509 1252 622 1317 merito
637 1250 841 1318 aestimemus
856 1254 917 1318 oris
938 1253 1088 1319 iniuriam
1110 1269 1236 1318 nomam
1256 1250 1426 1316 sordentis

285 1360 318 1421 et
339 1355 420 1438 quod
442 1355 516 1420 illos
537 1356 659 1421 ustione
680 1356 817 1438 peruulit
846 1374 900 1422 nos
926 1356 1051 1438 loquela
1073 1356 1276 1421 oonteminet
1315 1353 1424 1435 expli-

284 1476 391 1526 oemos
414 1460 554 1537 interim,
586 1456 698 1541 qulbus
727 1459 791 1524 sint
823 1458 885 1525 ista
906 1463 1031 1524 mumta
1053 1460 1268 1535 suoesssibus‚
1296 1458 1457 1540 quantoe

285 1566 453 1647 prseueutu
481 1560 644 1644 splendore
673 1579 731 1629 nor
761 1561 891 1645 ingerit.
936 1562 992 1627 ubi
1012 1564 1088 1628 su'ut
1112 1562 1222 1646 sigilla
1245 1560 1423 1627 numinum

287 1666 368 1732 uotis
384 1664 558 1749 imaginata
571 1664 758 1744 facientum,
779 1683 911 1747 quorum
927 1665 1024 1731 iosias
1042 1666 1076 1731 in
1091 1666 1249 1751 potestate
1264 1664 1422 1747 pependit

287 1768 429 1848 artifieio,
459 1768 572 1851 quibus
594 1770 729 1851 pretium
752 1771 807 1834 aut
828 1768 1007 1834 sollisltudo
1032 1768 1192 1853 operantis
1214 1767 1338 1852 peperit
1360 1770 1421 1831 aut

283 1873 473 1938 metellum?
500 1871 554 1937 ubi
576 1873 651 1937 suut
673 1872 733 1949 dii,
757 1871 872 1954 quibus
891 1871 1067 1954 potentiam
1094 1870 1247 1936 dederuut
1268 1870 1418 1935 homines

287 1976 406 2053 fulgore
428 1976 648 2057 gemmarum?
674 1994 711 2041 eu
734 1976 841 2054 uideo,
865 1976 970 2041 omnia
991 1975 1054 2039 ista
1077 1974 1240 2057 fugerunt,
1264 1974 1301 2038 ut
1324 1974 1452 2038 suedos

286 2078 429 2144 Christus
451 2082 608 2163 ingressus
625 2072 692 2144 est:
715 2079 918 2163 respiciamus
933 2080 1020 2144 ouius
1037 2079 1138 2144 fultus
1154 2078 1287 2144 auxiliis.
1318 2096 1418 2141 usne·

287 2185 361 2249 runt
383 2201 454 2250 oum
477 2199 512 2249 so
535 2184 690 2249 caelorum
710 2182 809 2264 rsdii,
838 2182 1049 2267 apostolorum
1083 2183 1276 2257 diademata,
1299 2179 1419 2245 Petrus

286 2291 318 2353 st
340 2286 467 2353 Paulus.
512 2287 566 2371 qui
589 2288 671 2352 euim
699 2287 731 2351 iu
759 2288 985 2352 restauratione
1007 2284 1091 2351 sedis
1118 2285 1223 2351 essent
1247 2282 1419 2349 neeessarii

286 2390 346 2456 nisi
368 2391 555 2456 arobiteotus
578 2396 610 2456 et
637 2390 746 2474 petra?
791 2391 852 2455 uisi
876 2389 956 2474 lupis
987 2393 1019 2455 et
1049 2386 1331 2471 superaediiioaus?
1352 2386 1418 2451 nisi

285 2493 523 2559 fundamentum
546 2498 577 2559 et
600 2493 728 2577 opifer?
763 2492 840 2577 quid
873 2492 1035 2575 trepidatis
1068 2492 1184 2576 pericla
1208 2490 1449 2557 mortaliumlso

288 2598 361 2679 quid
385 2599 473 2665 anulo
488 2598 594 2681 fugam
609 2598 727 2681 paratis
742 2599 896 2662 exoursul
917 2596 972 2663 ille
989 2597 1037 2662 est
1051 2595 1102 2661 oni
1118 2596 1223 2660 nullus
1238 2594 1416 2659 uersutiam

287 2705 427 2765 uestram
453 2701 555 2785 lapsus
583 2699 762 2776 absoondit,
793 2702 846 2782 qui
868 2716 940 2764 oum
962 2700 1029 2766 loeo
1051 2717 1112 2766 non
1135 2700 1307 2775 moueatur,
1336 2714 1414 2779 quo

287 2819 417 2886 oomque
439 2802 577 2869 obieritis
599 2802 784 2886 insequitur.
808 2802 882 2868 neni
897 2819 979 2886 orgo,
1000 2802 1142 2885 piissime
1161 2802 1293 2884 domiue,
1317 2802 1350 2864 st
1374 2802 1412 2863 ad

288 2906 547 2973 oonseorationem
574 2905 673 2988 operis
703 2906 750 2971 toi
772 2906 885 2988 plenus
907 2905 1063 2972 inlabere:
1098 2906 1168 2970 uioe
1199 2903 1331 2969 humani
1358 2920 1413 2984 per

287 3011 443 3094 baptisma
465 3010 597 3093 postoris
617 3011 791 3093 purgentur
813 3009 891 3074 liaeo
907 3010 1025 3092 templa
1042 3009 1128 3092 turpi
1150 3008 1300 3074 haetenus
1323 3006 1444 3070 dedi-ss

338 3269 355 3323 3
378 3268 538 3357 quioqlquid
561 3267 589 3322 Β
690 3268 708 3321 4
732 3266 859 3320 berbinso
876 3268 934 3335 (pr.
953 3266 970 3320 b
988 3268 1069 3324 οων.)
1093 3265 1120 3319 Β
1223 3266 1240 3318 5
1263 3262 1411 3332 simplicem

288 3378 346 3443 (pr.
369 3390 397 3427 m
418 3374 450 3429 ist
472 3374 538 3443 ros.)
565 3372 592 3426 Β
704 3370 854 3440 simplioem
881 3369 965 3424 ritum
991 3368 1074 3424 ΜΨ
1182 3367 1281 3435 reoepit
1307 3365 1343 3420 T¹

287 3460 467 3529 multiphariis
494 3460 519 3514 T
619 3458 763 3524 osseo-B,
792 3471 904 3513 sensuro
927 3455 1057 3511 LPTVb
1159 3452 1336 3510 blaborauti
1357 3452 1413 3507 ΒΡ

291 3550 343 3605 TV
460 3548 611 3601 mereantur
636 3544 679 3615 Β,
713 3547 848 3599 mereatur
874 3542 890 3598 b
1010 3542 1025 3596 'l
1051 3541 1186 3597 iustorum
1212 3539 1253 3602 B,
1282 3554 1332 3595 osu.
1357 3538 1411 3593 ΒΡ

290 3636 360 3693 TVb
463 3634 558 3703 lingum
580 3631 607 3687 Β
710 3631 905 3686 destinemus
927 3625 955 3682 Β
1057 3627 1209 3697 illoquella
1227 3624 1255 3680 Β
1351 3640 1409 3679 oon-

287 3724 431 3779 taruiuaret
457 3720 538 3776 Sim
661 3719 691 3773 11
719 3720 850 3787 prouentu
876 3716 903 3769 Β
1022 3729 1074 3768 uox
1099 3712 1237 3783 splendore
1265 3710 1345 3767 ΒΝ

287 3814 409 3900 numium
427 3842 463 3909 Β,
488 3812 628 3925 nimirum
647 3840 674 3895 B
774 3838 807 3893 12
824 3836 967 3907 maginata
985 3834 1012 3889 L
1109 3835 1142 3891 1t
1159 3832 1261 3903 peperit
1278 3834 1408 3904 operantis

288 3947 371 4003 ΒΝ
460 3946 492 4000 15
505 3947 536 3999 ul
550 3946 626 4000 oredo
638 3943 766 4013 ingerunt
777 3938 859 3998 HV
940 3938 978 3994 16
993 3939 1067 3993 ouius
1085 3938 1122 4005 Β,
1146 3936 1246 4008 quibus
1262 3935 1349 3992 ΒΊὟ

289 4034 321 4088 li
349 4032 516 4119 aureolomur
541 4030 569 4085 Β
679 4030 711 4084 18
736 4026 932 4083 memoratione
959 4026 987 4080 Β
1094 4025 1129 4080 20
1153 4022 1272 4095 pericula
1298 4022 1343 4077 Pb

289 4170 321 4225 21
348 4136 418 4254 qood
442 4169 469 4224 Β
572 4168 659 4224 nullus
683 4172 722 4235 (us
745 4169 778 4223 iss
800 4182 855 4223 roa.
879 4182 913 4223 ex
936 4166 975 4221 a?
997 4167 1079 4235 corr.)
1108 4164 1139 4232 V,
1168 4164 1273 4219 nullam
1298 4164 1343 4221 Pb

289 4275 322 4330 st
340 4276 448 4329 octonos
464 4273 493 4328 Β
