2992 4967
1190 402 1232 449 111

101 572 283 655 Belcarum
303 568 428 634 ultimis
443 568 542 651 prieti
565 569 719 637 inuenisse
740 576 857 638 narrat
886 574 1046 654 praeterea
1065 591 1101 637 er
1123 573 1232 639 eodem

103 676 185 741 libro
215 672 288 739 itta
310 670 493 755 Epipdoaic'
517 672 644 757 (Opust.
660 672 725 759 ΙΙΙ)
747 674 782 740 in
803 675 893 742 Actis
915 674 969 741 SS.
993 674 1129 741 Ianuarii
1151 679 1226 742 tom.

103 780 138 844 ΙΙ
153 798 182 862 p.
199 778 340 859 iiddsqq.
363 795 382 841 a
404 775 609 842 Bollandistia
632 778 757 860 sumpta
779 779 838 856 est,
861 796 940 860 quae
962 797 1000 841 cs
1020 779 1234 845 meduanae

104 902 163 947 ms.
189 880 311 947 Fraus.
336 878 442 943 Medii
464 878 509 943 ibi
533 878 689 963 descripta
710 897 778 944 esse
799 879 924 958 dicitnr,
947 882 1147 966 eiusdemque
1169 884 1231 949 ori·

103 986 187 1070 ginis
209 985 356 1049 lectiones
381 982 483 1048 uariae
499 982 684 1067 Panegyrici
704 981 830 1066 (Opusc.
847 982 875 1065 1)
894 1002 962 1049 esse
975 984 1130 1063 uidentur,
1153 1003 1231 1068 qnae

104 1109 124 1155 a
147 1089 256 1156 Fraus.
280 1085 384 1153 Medio
407 1086 458 1153 Fr.
481 1084 633 1170 Sylburgo
661 1088 846 1156 commissae
874 1087 908 1156 in
930 1088 1094 1170 Bongaraii
1120 1108 1230 1155 manus

103 1192 315 1276 peruenerunt
336 1189 389 1274 (cl.
411 1189 529 1273 Hagen,
555 1188 859 1259 cantuariam.
880 1191 1030 1273 demna
1052 1211 1083 1275 p.
1098 1192 1187 1275 528).

150 1311 252 1379 (iodcr
280 1311 306 1375 B
336 1310 439 1377 uarias
470 1314 662 1377 correcturas
690 1315 831 1395 expertus
859 1313 917 1389 est,
946 1330 1025 1395 quae
1055 1312 1116 1378 nisi
1139 1315 1229 1380 lineis

103 1418 288 1499 punctisque
318 1415 449 1497 exceptis
476 1414 655 1480 litterarum
684 1416 780 1481 ductu
812 1414 901 1481 facile
924 1416 1152 1483 discernuntur.
1191 1420 1230 1484 ad

104 1522 200 1585 uerba
234 1518 422 1583 emendenda
455 1518 534 1582 nihil
566 1517 629 1582 fere
659 1518 832 1595 conferunt,
865 1537 937 1583 enm
966 1519 1094 1584 alterius
1116 1520 1231 1585 codicis

102 1640 162 1705 ope
192 1627 377 1687 correctores
407 1620 659 1685 destituerentur.
696 1623 791 1703 primi
821 1622 927 1687 autem
955 1625 1151 1687 correxerunt
1181 1622 1232 1687 illi

103 1726 165 1807 ipsi
188 1726 242 1807 qui
265 1723 399 1789 codicem
422 1724 614 1806 scripserunt
629 1758 671 1776 --
687 1727 771 1789 certe
786 1724 979 1790 correcturae
997 1724 1134 1789 eiusdem
1149 1728 1230 1789 tem·

104 1830 189 1910 poris
213 1829 305 1909 atque
328 1827 498 1908 scripturae
520 1844 588 1892 esse
611 1828 757 1893 uidentur
772 1864 815 1877 «-
836 1829 964 1911 exiguos
987 1827 1230 1895 describentium

102 1948 222 1995 errores
231 1928 279 1993 uel
289 1929 446 2013 archetypi
454 1931 668 2012 proprietates,
682 1950 759 2014 quse
767 1931 806 1997 ab
815 1931 1037 1997 ususcribendi
1044 1932 1231 1997 recedebant

104 2036 265 2097 mutantes
289 2038 320 2097 ct
342 2030 438 2097 uerba
465 2033 578 2099 omissa
599 2035 631 2100 in
654 2034 796 2118 margine
818 2035 1009 2119 supplentes,
1038 2037 1153 2119 qnippe
1175 2038 1231 2119 qui

105 2153 165 2199 non
189 2135 399 2200 emendationi
414 2135 465 2200 sed
490 2136 617 2202 lectioni
639 2156 734 2221 quam
751 2139 872 2221 antiqui
889 2138 1035 2203 dicebant
1056 2138 1226 2205 studerent.

104 2242 230 2321 praeter
252 2239 395 2321 antiquas
418 2240 491 2303 illas
514 2244 716 2319 correcturas,
744 2258 820 2323 quas
841 2260 919 2306 corr.
942 2239 1129 2325 significant,
1152 2259 1231 2324 quae

103 2360 158 2424 per
182 2342 285 2407 totum
309 2343 445 2407 codicem
468 2361 657 2426 quemquam
682 2360 743 2407 non
766 2344 923 2408 constanti
938 2344 1162 2426 aequabilitate
1177 2344 1230 2409 de·

102 2445 346 2527 protenduntur,
370 2447 402 2509 in
424 2446 583 2512 nonnullis
602 2445 686 2510 loliis
709 2448 942 2512 emendationes
965 2449 1100 2513 recentis
1117 2466 1231 2513 munus

105 2547 295 2631 (significari
318 2567 377 2611 rec.
402 2550 455 2630 m.)
480 2549 640 2632 apparent,
669 2566 747 2631 quae
770 2550 845 2631 quin
866 2550 955 2615 illius
977 2550 1043 2615 sint
1063 2552 1118 2633 qui
1139 2551 1231 2617 editi·

102 2668 193 2715 onem
230 2651 438 2717 Basileensem
474 2653 604 2735 parabat
641 2652 777 2719 dubitari
810 2653 927 2735 nequit.
971 2672 1043 2718 narn
1078 2653 1231 2719 uocabula

102 2758 230 2837 propter
259 2754 422 2837 antiquum
453 2756 676 2839 decoctumque
698 2757 828 2821 dumam
850 2755 935 2821 lectu
956 2756 1106 2835 difficilia,
1135 2775 1231 2840 praue

103 2856 155 2921 nel
179 2858 288 2922 contra
309 2877 400 2923 usum
422 2860 475 2941 qui
498 2864 566 2924 tum
590 2861 658 2925 erat
680 2860 795 2944 scripta
819 2860 872 2925 uel
901 2878 961 2931 non
984 2860 1146 2926 intellecta
1169 2879 1229 2926 nen

102 2962 206 3025 solum
229 2962 366 3027 radendo
382 2966 413 3027 et
436 2964 616 3047 corrigendo
638 2964 777 3029 mutauit
798 2964 853 3029 sed
875 2962 1058 3046 plerumque
1077 2963 1231 3045 quaesibi

104 3068 192 3131 recta
215 3064 402 3131 uidebantur
424 3082 518 3148 supra
539 3068 642 3131 textus
665 3066 818 3131 uocabula
835 3066 934 3149 plenis
956 3066 1072 3131 litteris
1094 3065 1230 3149 scripsit,

104 3186 218 3251 nempe
240 3170 276 3233 ut
298 3186 407 3252 operae
430 3168 534 3234 codice
556 3170 623 3252 ipso
645 3168 678 3233 in
702 3168 827 3234 officina
848 3170 1007 3233 commode
1025 3170 1073 3233 uti
1095 3172 1229 3252 possent.

102 3273 178 3339 inde
202 3272 396 3356 explicentur
418 3272 514 3340 etiam
537 3290 616 3355 quae
644 3272 753 3357 lingua
777 3272 957 3351 germanica
978 3270 1133 3353 adscripta
1156 3276 1231 3338 sunt

102 3376 159 3442 fol.
185 3377 257 3441 liri*
278 3376 313 3439 in
344 3377 404 3441 dne
433 3376 578 3443 carminis
601 3376 631 3441 II
656 3376 716 3440 117
746 3375 798 3440 icls
825 3377 915 3440 wcoss
941 3376 992 3440 ait
1019 3394 1086 3439 was
1107 3376 1168 3441 dos
1188 3377 1232 3439 ist

102 3484 135 3545 et
158 3479 213 3547 iol.
239 3478 312 3545 161²
334 3479 394 3545 oica
416 3478 481 3545 loss
502 3496 573 3544 cus.
605 3477 697 3543 huius
719 3479 842 3563 generis
865 3481 1057 3544 correcturas
1079 3494 1140 3544 non
1162 3496 1230 3543 om·

43 3624 46 3629 -
102 3602 158 3648 nes
193 3582 310 3660 numni,
344 3584 398 3649 sed
431 3586 537 3648 tamen
570 3599 631 3647 non
665 3581 787 3667 neglexi
816 3600 893 3665 quas
921 3582 960 3646 ad
991 3580 1230 3664 significandam

103 3688 332 3769 scripturarum
354 3703 433 3768 qnae
454 3686 488 3751 in
504 3686 688 3751 editionibus
711 3684 915 3751 obtinuerunt
937 3685 1097 3768 originem,
1120 3685 1160 3750 ad
1182 3688 1230 3751 in·

102 3790 302 3856 lustrandam
332 3790 482 3855 rationem
505 3788 632 3853 editoris
657 3787 706 3853 uel
728 3787 792 3853 alia
814 3787 853 3853 de
874 3804 969 3852 cansa
990 3804 1232 3854 commemorare

104 3914 165 3959 non
195 3893 307 3960 inutile
335 3892 498 3959 habebam.
533 3891 685 3957 nonnulle
707 3892 803 3956 etiam
824 3890 971 3956 Schottus
997 3909 1070 3955 cum
1092 3890 1231 3955 codicem

102 4016 174 4063 cnm
210 3997 345 4063 editione
376 3995 516 4080 principe
548 3995 710 4075 conterret,
734 3995 903 4061 ednotauit.
949 3995 1086 4060 codicem
1108 4012 1233 4059 summa

103 4100 296 4167 liberalitate
312 4118 427 4175 eorum,
447 4098 501 4181 qui
518 4097 724 4164 bibliothecas
739 4098 932 4163 Bruxellensi
947 4101 1096 4181 praesunt
1112 4095 1229 4160 Vindo-

104 4204 217 4268 bonam
253 4203 385 4270 missum
414 4203 476 4271 iere
504 4206 607 4271 totum
628 4203 679 4270 bis
706 4204 825 4269 contuli
854 4201 980 4285 eiusque
1008 4199 1230 4282 discrepantias

104 4306 198 4372 etiam
221 4308 356 4373 minores
376 4308 411 4373 in
432 4309 618 4391 apparatum
641 4307 784 4373 criticum
806 4305 916 4387 recepi.
947 4321 1022 4368 nam
1045 4302 1234 4368 auctoritate

1090 4424 1126 4473 μ
