2992 4967
507 370 668 438 liberm,
690 371 800 427 28-3L
1178 373 1221 440 87

78 564 211 631 animae
243 561 422 629 ordinatum
455 561 625 639 uidissent,
664 563 765 627 omnis
792 561 889 627 simul
918 559 1030 629 oinitm
1058 561 1221 628 euscheme

77 667 197 733 naueh
220 666 257 732 dc
272 666 411 749 proximo
427 665 467 730 ad
481 664 670 749 Hispaniam
685 663 864 747 mniuginit
880 663 1002 729 relictis
1016 664 1222 747 paucissmis,

78 770 144 853 qui
166 768 287 835 aditum
310 786 372 833 non
395 766 581 833 inuenerant
605 765 783 851 nauigandi.
820 766 904 847 Quos
927 767 1133 833 hunnorum
1156 767 1223 851 epi·

78 890 200 957 scopus
222 872 322 955 prium
345 869 577 945 blandimentis,
599 871 710 954 postea
732 870 827 936 minis
857 869 1029 953 conpellme
1050 870 1163 953 coepit,
1186 874 1224 937 ut

53 994 142 1043 reos
165 975 278 1041 iaceret
301 975 460 1041 Arrianus.
483 970 543 1039 Sed
559 974 654 1039 sortes
670 973 702 1039 in
723 973 849 1040 domino
864 973 1047 1038 nouaclum
1062 972 1224 1039 suadentis

79 1079 245 1147 insaniam
267 1076 456 1157 irriserunt,
482 1095 592 1143 uerum
617 1076 713 1141 etiam
736 1077 863 1161 publice
883 1076 1038 1161 mysteria
1060 1074 1170 1143 diuina
1190 1077 1225 1141 in

81 1182 181 1249 domo
203 1200 265 1249 une
287 1180 467 1264 congregati
482 1180 638 1247 celebrare
655 1184 839 1265 coeperunt3
864 1180 946 1263 quod
960 1179 1016 1245 ille
1038 1196 1223 1265 cognoscens

81 1285 278 1353 relationem
306 1285 427 1351 occulte
450 1280 677 1367 Carthaginem
705 1284 855 1349 aduersus
888 1301 940 1348 eos
969 1281 1095 1351 direxit.
1137 1281 1277 1363 Qumso

1 1417 6 1431 ·
85 1406 164 1455 cum
179 1388 247 1472 regi
262 1386 459 1465 innotuisset,
482 1387 631 1453 comitem
646 1387 803 1469 quendam
817 1405 889 1481 cum
907 1385 1070 1453 iracundia
1084 1385 1223 1468 dirigens

42 1492 265 1576 ropraeoepit
294 1492 330 1556 ut
352 1490 386 1555 in
408 1490 509 1555 medio
532 1490 612 1569 foro,
637 1493 826 1575 congregata
847 1490 924 1556 illuc
948 1492 1033 1557 omni
1052 1490 1223 1574 prouincia,

84 1596 217 1677 linguas
240 1594 284 1660 eis
306 1594 338 1659 et
356 1610 469 1658 manus
492 1594 616 1659 dextras
639 1592 792 1659 radicitus
815 1593 1012 1659 abscidisset.
1042 1593 1131 1675 Quod
1153 1613 1225 1659 cum

84 1698 212 1765 facturn
238 1696 364 1775 fuisset,
395 1695 509 1780 spiritu
538 1700 643 1763 sancto
671 1697 851 1779 praestante
877 1699 922 1762 ita
943 1696 1067 1780 loquuti
1096 1700 1170 1763 suut
1192 1702 1225 1763 et

86 1802 273 1885 loquuntur,
298 1800 451 1883 quomodo
474 1803 567 1865 antea
588 1800 803 1877 loquebantur.
828 1798 888 1867 Sed
910 1798 939 1864 si
952 1800 1022 1883 quis
1043 1800 1223 1866 incredulus

87 1922 158 1969 esec
186 1902 339 1980 noluerit,
374 1906 485 1987 pergat
512 1920 596 1969 nunc
619 1900 930 1987 Constantinopolim,
961 1904 994 1968 et
1020 1903 1067 1968 ibi
1089 1905 1224 1987 reperiet

49 2025 76 2067 1⁵
89 2025 191 2075 unum
213 2008 251 2073 do
272 2005 349 2085 illis,
372 2004 592 2073 subdiaconem
615 2006 819 2089 Reparatum
841 2012 999 2072 sermones
1021 2007 1135 2089 politos
1156 2007 1223 2073 eine

87 2111 158 2178 ulla
172 2109 338 2177 onemione
353 2110 547 2192 loquentem
569 2108 609 2174 ob
625 2128 719 2192 quam
735 2127 861 2177 causam
879 2109 1070 2176 uenerabilis
1087 2109 1223 2192 nimium

87 2214 124 2279 in
148 2213 265 2297 palatio
295 2212 427 2277 Zenonis
453 2211 652 2295 imperatorie
682 2211 831 2296 habetur,
863 2214 897 2279 et
922 2213 1089 2297 praecipue
1114 2215 1225 2297 regina

89 2316 174 2383 mira
196 2335 267 2381 eum
289 2315 466 2381 reuerentia
488 2315 665 2381 ueneratur.

137 2452 189 2535 (V,
206 2454 238 2534 7)
267 2452 326 2519 Sed
348 2454 416 2535 quis
436 2470 570 2536 congruo
592 2470 734 2519 sermone
749 2454 850 2537 possit
872 2455 997 2537 exsequi
1019 2458 1075 2519 ant
1099 2472 1223 2521 coacer-
1233 2464 1272 2531 31

52 2574 165 2622 souare
194 2556 394 2623 diuersitatcs
425 2574 612 2638 poenarum,
648 2574 725 2640 quas
755 2577 791 2623 er
819 2557 908 2623 iussu
935 2559 1019 2643 regis
1049 2560 1098 2623 sui
1126 2559 1223 2624 etiam

89 2659 152 2745 ipsi
176 2659 334 2726 Uuandali
356 2659 390 2723 in
413 2676 485 2724 euos
507 2658 647 2725 homines
670 2661 897 2726 exercuerunt?
940 2661 979 2727 In
1006 2659 1076 2745 ipsa
1102 2679 1223 2745 quoqne

90 2782 171 2846 quae
203 2764 292 2847 gesta
325 2763 400 2829 sunt
430 2761 622 2845 Carthagine
655 2761 682 2828 si
715 2764 837 2829 nitatur
870 2764 1003 2848 scriptor
1035 2762 1224 2848 singillatim

91 2870 233 2933 astruere
256 2864 352 2932 otiam
376 2864 444 2931 siue
466 2867 579 2931 ornatu
602 2867 766 2943 sermonis,
788 2885 846 2931 nec
861 2866 930 2949 ipsa
944 2867 1071 2933 nomina
1086 2870 1225 2933 tormen·

91 2972 199 3035 torum
220 2968 335 3050 poterit
357 2968 487 3035 edicere.
533 2967 619 3047 Quae
648 2988 697 3035 res
724 2969 876 3052 hodieque
897 2970 999 3053 posita
1020 2969 1054 3036 in
1076 2973 1224 3053 promptu

54 3072 295 3139 udemonstrat.
318 3072 407 3137 Alios
431 3072 676 3151 dromadibus,
700 3072 779 3139 alios
802 3072 869 3139 sine
884 3073 991 3157 oculis,
1017 3074 1093 3139 alios
1107 3072 1224 3158 absque

143 3361 270 3414 bnauali
289 3360 330 3429 de]
351 3362 474 3433 ualided
577 3362 610 3417 de
627 3378 678 3418 om.
697 3380 715 3417 a
813 3363 948 3433 ispaniam
969 3364 1009 3419 W
1106 3366 1142 3417 ad
1159 3364 1224 3419 Hie·

90 3447 199 3517 puniam
218 3461 269 3504 oen.
288 3446 455 3503 BVOMaOE
545 3446 709 3518 confugiunt
731 3449 800 3505 GMe
823 3449 949 3519 confugit
965 3448 1027 3504 aab
1125 3447 1224 3519 3quia

89 3532 193 3588 dictum
224 3532 326 3589 V¹0¹P
358 3534 422 3601 quia
448 3534 558 3588 ductum
589 3535 623 3590 0²
728 3534 918 3589 tministaria
934 3550 954 3588 a
1057 3535 1225 3591 'icelebrare

89 3620 248 3688 congregati
263 3616 373 3674 chse
468 3620 485 3674 8
503 3619 656 3688 carthagini
674 3622 710 3689 αβ
807 3620 1019 3675 9innotuissent
1035 3619 1155 3690 V‘G’scd

90 3704 126 3760 10
147 3720 224 3759 omne
249 3704 354 3761 ΒΜ
384 3707 474 3759 omnia
497 3704 552 3762 PR
657 3708 687 3761 ll
713 3708 737 3760 ei
760 3724 779 3760 u
882 3704 1047 3773 derterusq
1154 3707 1225 3763 absi·

89 3792 175 3847 disset
196 3791 235 3847 W
337 3790 488 3857 Quodnam
501 3791 603 3847 factnm
616 3793 722 3862 fuisset]
741 3794 877 3861 athahid
982 3795 1015 3846 12
1027 3789 1136 3861 loquuti
1154 3793 1224 3847 BVe

89 3878 173 3932 locuti
191 3878 251 3933 rell.
348 3878 380 3931 13
398 3878 524 3933 locuntur
545 3878 677 3949 OMeaLfl
778 3879 811 3934 14
828 3878 966 3935 noluerint
986 3880 1025 3936 W
1109 3878 1224 3949 reperiet

90 3964 212 4020 MuLb¹z
230 3963 362 4033 repperiet
372 3964 432 4018 reli.
521 3964 554 4021 15
566 3964 789 4037 submmonumc
876 3965 982 4035 polybus
1000 3966 1039 4021 W
1121 3965 1154 4019 19
1166 3980 1224 4019 exe-

91 4052 138 4120 qni
156 4050 322 4116 anLP¹b
424 4050 630 4109 coaceruateG
731 4052 766 4107 20
783 4053 857 4107 iussa
883 4052 912 4105 Ρ
1019 4051 1054 4106 22
1079 4066 1146 4121 quae
1173 4066 1225 4105 om.

92 4136 220 4191 BVO¹M
315 4135 415 4203 ecripto
433 4136 547 4203 scriptor
565 4138 625 4205 (ein)
647 4138 687 4194 W
783 4140 818 4194 23
835 4138 945 4192 nomina
962 4138 990 4193 P
1086 4136 1122 4191 24
1138 4136 1226 4191 dicere

92 4225 109 4294 ρ
207 4225 315 4291 promtu
333 4220 457 4277 BWLP
559 4223 592 4277 25
610 4223 813 4280 demonstratur
830 4226 878 4280 Me
976 4222 1100 4279 manibus
1118 4223 1181 4278 aliie
1198 4222 1226 4277 B

98 4310 146 4364 VO
248 4306 334 4375 abque
357 4306 395 4360 W
464 4319 467 4328 ’
