2992 4967
301 358 415 427 Opnsc.
434 359 466 414 V.
490 356 769 412 Eucharisticum
787 356 825 413 de
843 358 915 412 uita
932 373 998 412 saa
1149 359 1213 425 393

78 546 259 613 submissus
283 548 442 614 existendo
464 546 673 633 simplicibus,
702 552 804 615 totam
826 548 916 614 illam
938 548 1086 614 dominici
1107 549 1211 633 gregis

79 650 242 737 legionum
275 648 458 716 distinctam
488 652 574 731 actu,
609 650 764 717 uariatum
798 650 960 735 gentibus,
997 652 1087 733 quasi
1117 669 1212 717 unam

79 752 226 819 animam
246 755 280 819 in
303 772 360 820 sua
382 754 544 821 affectione
573 754 711 840 collegit.
746 754 793 821 ibi
823 754 945 821 biennio
966 774 1000 820 se
1023 757 1088 839 ipso
1107 756 1212 837 notin

77 856 197 922 mundi
212 852 302 922 istius
317 858 471 924 sarcinam
487 858 652 940 deponens,
670 859 772 924 uictor
787 856 981 937 insidiarum,
993 870 1073 942 'quas
1089 858 1212 941 antiqui

52 959 237 1043 sserpentis
270 963 358 1043 parat
392 961 524 1039 astutia,
559 963 643 1027 diem
676 962 819 1027 nastrum
847 960 879 1026 et
905 961 1006 1026 lucem
1039 963 1211 1044 praesentis

77 1061 202 1128 saeculi
224 1064 364 1146 perpetui
386 1062 516 1129 luminis
535 1064 699 1148 adeptione
722 1064 937 1131 commutauit.
967 1068 1055 1129 tacco
1077 1064 1212 1146 qualitor

76 1167 185 1230 uitam
208 1166 304 1247 ipsius
328 1164 438 1232 mortIs
461 1166 613 1233 claritudo
636 1167 818 1250 signauerit,
846 1186 884 1231 ne
900 1166 1045 1232 uniuersa
1065 1165 1211 1249 digerens

77 1286 147 1334 non
176 1272 241 1335 tam
268 1271 436 1336 ueritatem
464 1288 605 1337 narrasse
632 1289 724 1355 qnam
754 1270 903 1357 prandisti
931 1269 1076 1335 laudibus
1103 1269 1212 1333 uidear

77 1374 268 1437 inmoratus.
307 1374 407 1439 ueluti
433 1372 459 1439 si
481 1374 551 1457 quis
574 1376 728 1440 consitum
750 1376 858 1440 lucum
879 1374 1036 1439 frondium
1056 1370 1211 1438 domitato

39 1476 266 1559 roreppererit‚
290 1496 325 1542 ex
347 1496 407 1560 quo
430 1497 574 1545 coronam
596 1478 677 1543 terro
700 1479 873 1561 stringente
887 1476 1061 1559 subripiens
1083 1474 1210 1558 genium

78 1580 195 1659 siluae,
219 1580 294 1646 dnm
312 1582 483 1662 praesumit
497 1600 602 1664 parua,
626 1602 688 1647 non
704 1582 846 1648 amount:
868 1579 1050 1646 melioribus
1065 1578 1209 1662 equidem

79 1686 123 1749 de
146 1684 276 1749 Antonii
298 1686 397 1750 nostri
420 1684 527 1762 factis,
550 1703 627 1768 quae
650 1686 724 1751 stilo
746 1703 807 1750 non
829 1684 945 1768 adfigi,
968 1684 1123 1749 namanda
1144 1698 1210 1746 ser·

79 1788 168 1854 uani.
205 1789 311 1853 uincar
333 1786 412 1853 sorte
435 1788 627 1871 eloquentiae
655 1788 800 1865 flumine,
831 1805 921 1853 nemo
943 1805 994 1851 me
1016 1788 1097 1851 circa
1118 1783 1210 1849 illum

78 1890 244 1975 superabit
265 1890 388 1955 affectu.
426 1890 538 1957 habeat
561 1892 614 1974 qui
636 1894 760 1957 secutus
783 1888 880 1957 fuerit
902 1891 939 1957 de
956 1891 1088 1974 peritiae
1110 1908 1210 1956 messe

42 2014 70 2055 rs
79 1993 281 2073 iactantiam,
311 1992 388 2059 milri
417 1994 551 2079 gratiam
574 1993 657 2060 beati
680 1994 815 2060 hominis
836 2012 926 2059 nomo
949 1994 1133 2080 praeripiet,
1156 1994 1210 2077 qui

78 2096 122 2161 ad
146 2094 326 2179 explicanda
348 2098 413 2161 eius
437 2098 518 2162 bona
539 2097 660 2180 primus
682 2096 809 2163 accessi.

630 2386 665 2451 V.

306 2572 657 2658 [uvousarsuuovu
679 2574 734 2641 uu
758 2575 862 2646 uuus
884 2575 987 2660 svn]

126 2768 164 2815 IN
187 2766 319 2815 uolnus:
343 2766 463 2815 PATRIS
486 2767 530 2815 ET
553 2768 637 2815 suun
660 2769 702 2815 ΕΤ
725 2769 879 2817 SPIRITVS
902 2769 1034 2818 SANCTI.

44 2894 71 2934 ru
125 2866 297 2937 Omoulum
317 2872 365 2937 est
387 2871 585 2937 scientissimi
608 2872 742 2938 doctoris
764 2873 908 2956 gentium
930 2872 1013 2955 quod
1036 2874 1139 2959 pariat
1160 2871 1207 2938 in·

81 2972 217 3039 firmitas
240 2978 347 3040 nostra
362 2975 537 3056 potentiam
553 2978 584 3039 et
600 2976 679 3059 quod
696 2980 820 3041 terrena
837 2976 871 3041 in
892 2975 1082 3042 contritione
1094 2977 1209 3066 'anima

82 3074 296 3158 concalescat,
326 3093 397 3141 cum
425 3075 546 3159 uirtus,
577 3096 655 3160 quae
677 3082 715 3145 de
736 3077 913 3145 substantia
941 3079 1043 3145 carnis
1073 3078 1209 3155 duxerit,

185 3296 220 3351 20
241 3298 271 3351 II
288 3296 348 3351 Cor.
367 3298 408 3362 12,
426 3296 443 3350 9

136 3502 324 3559 lerlrislcndo
349 3503 377 3559 B
480 3505 568 3557 totum
591 3502 619 3556 B
720 3490 815 3559 dfiiT
915 3503 1095 3559 dacieotione
1114 3504 1140 3557 L

81 3624 193 3693 murga
210 3624 238 3677 a
339 3596 487 3694 roenna}
506 3624 534 3677 a
633 3620 790 3680 surum
807 3625 842 3691 n
869 3623 975 3680 aaron
992 3624 1020 3678 a
1117 3623 1149 3678 10
1166 3639 1207 3676 ra

80 3708 181 3781 pererit
201 3711 227 3765 T
326 3710 358 3763 11
383 3708 468 3764 siluae
487 3712 528 3781 (ao
547 3712 627 3779 corr.)
651 3710 679 3765 Β
782 3709 907 3765 admonet
930 3709 957 3764 Τ
1055 3711 1090 3763 15
1105 3708 1208 3779 cripiet

81 3832 120 3887 m
227 3830 258 3884 ro
281 3794 408 3900 expuo?
427 3831 453 3885 a
556 3830 672 3900 umnec
695 3832 754 3885 ura
777 3831 850 3886 uari
874 3828 1207 3898 (tansmisimus

83 3916 200 3983 (antonii
219 3914 312 3984 ΕΝ)
334 3915 452 3971 feliciter
470 3914 581 3971 BLTV

134 4018 166 4075 V.
194 4018 405 4075 Eucharisticum
429 4018 461 4074 de
480 4020 537 4075 uita
556 4034 604 4074 sna
627 4018 665 4074 ad
684 4018 805 4075 Pactius·
822 4016 1039 4089 Bardeqalcaeis
1057 4017 1208 4088 exemplam

81 4106 166 4161 inem:
190 4104 287 4171 Sim,
315 4106 521 4174 tempranen
544 4120 593 4159 orn.
617 4104 733 4173 BLTV,
763 4104 840 4160 Idem
866 4103 899 4158 ad
922 4102 1033 4158 eundem
1052 4103 1210 4173 (precedit

82 4190 175 4260 Epist.
192 4190 287 4247 VIIII
293 4194 328 4245 '14
354 4190 492 4245 llnnodiur
505 4187 652 4261 Hilpidiari
664 4192 811 4259 accinta)
824 4192 840 4245 t
935 4188 971 4243 w
987 4191 1028 4243 ast
1049 4189 1105 4244 Ta.
1118 4190 1137 4243 l.

82 4276 114 4331 21
133 4277 162 4329 ia
181 4290 232 4332 om.
252 4275 333 4331 Sirra.
436 4274 470 4329 22
489 4274 695 4332 conualiscatB
798 4276 867 4345 cum]
886 4289 933 4331 cur
950 4274 978 4329 Β
