2992 4967
290 332 354 399 382
649 328 764 399 Magni
783 325 910 383 Felicis
929 324 1060 381 Ennodi

291 524 394 588 sedem
416 537 505 585 snam
529 518 674 585 caelestis
696 515 802 584 anima
823 522 991 596 remearet,
1019 534 1097 601 qnae
1122 514 1418 600 quinquagesimum

290 624 438 691 monum
472 619 585 689 aetatis
617 638 734 689 sunum
757 618 847 685 duxit
875 619 916 685 ad
943 619 1118 700 tumulum,
1152 619 1286 704 triginta
1308 622 1342 685 in
1363 620 1421 685 hcc

291 723 492 803 sacerdotali,
523 722 646 807 quelem
679 723 739 790 etsi
773 723 944 808 excerptim
967 724 1066 791 lector
1087 724 1230 791 adtendis
1253 724 1419 808 scalptam,

291 828 524 895 conuersatione
546 826 668 893 exemit.

334 948 419 1015 Illud
433 964 567 1031 namque
581 948 706 1015 silentio
721 946 893 1032 praeterire
907 965 970 1013 non
985 946 1093 1028 debeo,'
1111 948 1194 1031 qnod
1203 950 1272 1014 eius
1287 952 1418 1015 sauctm
1442 971 1455 1011 r

289 1050 441 1134 reliquiae
462 1068 559 1135 usque
582 1053 614 1117 in
636 1051 719 1116 diem
735 1052 876 1128 tertium,
900 1070 1052 1134 quocum
1074 1071 1200 1118 summa
1220 1054 1423 1119 ueneratione

290 1154 467 1221 reconditae
489 1154 708 1233 dinoscuntur,
743 1156 832 1219 tento
854 1154 975 1219 lumine
1003 1172 1041 1220 ac
1061 1156 1171 1221 decore
1192 1155 1331 1221 nestitae
1346 1174 1423 1220 eun·

290 1260 411 1323 ctcrum
432 1258 517 1323 uisae
540 1261 613 1322 suut
635 1256 743 1336 oculis,
767 1258 804 1322 ut
825 1256 1022 1341 splendorem
1045 1258 1130 1323 uitae
1151 1258 1260 1323 uultus
1280 1260 1424 1340 signaret

290 1358 427 1426 defuncti
449 1360 482 1424 et
503 1360 679 1443 depositam
702 1358 835 1444 gloriam
858 1362 922 1426 iem
944 1378 1026 1426 nuno
1049 1362 1224 1444 percepisse
1248 1360 1423 1445 gloriosum

290 1482 347 1529 nas
361 1462 547 1542 crederetur,
569 1464 601 1529 in
618 1481 678 1545 quo
692 1481 767 1529 uere
788 1463 852 1527 fnit
865 1462 1029 1529 thesaurus
1045 1464 1153 1547 mcgni
1165 1464 1249 1547 regis
1267 1462 1457 1529 inclusereit

291 1584 369 1650 quae
391 1566 436 1632 ibi
457 1564 584 1631 fuerunt
605 1566 738 1631 flumina
759 1564 969 1645 lacrimarum,
993 1569 1104 1649 quanti
1125 1568 1281 1650 plcnotns,
1311 1567 1422 1649 silebo,

290 1688 329 1735 ne
352 1671 422 1752 post
445 1686 563 1734 annosa
584 1668 740 1735 curricula
760 1669 920 1734 nouellum
941 1668 1081 1735 dolorem
1093 1670 1233 1753 scriptor
1254 1672 1420 1737 incedam.

291 1791 504 1856 quaecumque
521 1771 564 1837 ibi
579 1775 681 1837 mater
696 1771 797 1852 uenit,
819 1771 990 1837 liberatum
1012 1773 1161 1838 clamauit
1174 1772 1215 1838 ab
1230 1772 1288 1838 illo
1302 1772 1422 1837 filium:

291 1888 502 1959 quaecumque
525 1892 617 1953 uror,
640 1876 809 1939 maritum:
832 1892 1047 1958 quaecumque
1068 1893 1170 1958 soror,
1191 1874 1343 1941 fratrem:
1369 1875 1424 1958 qui

292 1976 423 2056 caelebs,
443 1996 475 2042 se
497 1978 609 2059 ipsum.
633 1978 789 2059 postremo
807 1979 841 2043 in
860 1978 916 2043 illa
935 1980 1024 2043 tanta
1037 1977 1201 2044 bominum
1214 1978 1454 2045 multitudines

293 2084 325 2147 et
347 2080 515 2158 conuentu,
546 2080 582 2145 nt
609 2079 760 2147 audenter
781 2081 903 2160 dicam,
932 2081 1031 2146 totius
1060 2080 1144 2147 orbis
1168 2100 1258 2148 nemo
1280 2081 1346 2148 fnit
1369 2080 1425 2163 qni

291 2182 448 2251 beneficiis
470 2182 556 2248 illius
585 2181 702 2267 aliquid
725 2201 788 2248 nou
811 2183 948 2249 deberet

334 2304 394 2372 Sed
416 2321 527 2389 quaeso
549 2304 612 2369 iam
634 2305 848 2389 temperemus
863 2324 882 2371 a
898 2306 1052 2371 luctibus:
1075 2307 1267 2371 contractam
1288 2306 1425 2371 tristitie

291 2409 482 2475 resoluamns
505 2406 652 2473 frontem.
675 2408 794 2473 excelsa
816 2426 888 2473 eum
910 2410 967 2474 deo
988 2408 1127 2492 possidet
1142 2408 1181 2473 ob
1196 2408 1283 2473 cuins
1298 2409 1424 2474 obitum

291 2529 464 2577 maeremus
487 2512 519 2576 in
542 2509 644 2577 terris.
668 2510 721 2575 scd
743 2510 819 2595 quid
842 2510 966 2589 fecium,
988 2512 1070 2594 quod
1087 2511 1299 2578 remediatoris
1323 2513 1454 2577 uestris

292 2614 448 2700 singultus
464 2616 559 2681 uerba
577 2613 759 2693 dissidunt,
784 2613 933 2680 lacrimae
956 2632 1010 2679 ora
1031 2614 1237 2698 perfundunt.
1260 2614 1424 2698 mugitum

245 2758 259 2773 »
290 2719 415 2784 resonat
446 2736 538 2784 omne
560 2720 640 2801 qnod
664 2718 814 2799 eloquor?
850 2720 883 2781 et
904 2716 1050 2802 intellego
1080 2718 1161 2801 qnod
1186 2734 1359 2799 numquam
1383 2721 1424 2783 ad

291 2822 416 2887 dentem
443 2820 520 2885 flens
552 2822 629 2886 bene
659 2820 766 2885 ueniat
795 2819 977 2885 consolator.
1029 2819 1106 2885 haec
1142 2822 1248 2884 sancto
1277 2822 1360 2901 patri
1390 2823 1424 2882 et

292 2923 411 2992 doctori
440 2922 629 3006 peritissimo
657 2922 790 2988 idoneus
818 2922 933 2987 affectu
962 2942 1023 2987 non
1053 2922 1187 2989 scientia
1207 2921 1354 3004 inpendi,
1385 2924 1424 2986 nt

293 3030 413 3110 aliquos
436 3027 474 3091 de
495 3027 725 3093 conuersatione
746 3026 834 3090 illins
856 3025 999 3092 flosculos
1019 3026 1200 3110 relegerem,
1221 3030 1258 3089 ut
1281 3026 1327 3089 est
1353 3025 1455 3095 lou-s

292 3150 368 3215 gum
395 3130 457 3194 iter
484 3130 647 3214 agentibus
675 3130 709 3194 in
737 3148 795 3195 usu
822 3129 975 3211 positum,
1004 3130 1058 3213 qui
1086 3147 1148 3194 non
1177 3146 1285 3195 omnes
1308 3125 1422 3192 obuios

294 3234 502 3301 ooueslutcut.
527 3239 563 3299 tu
585 3233 672 3314 mihi,
695 3235 801 3300 anima
823 3232 905 3316 apud
921 3234 1147 3315 redemptorem
1169 3234 1311 3298 nostrum
1332 3248 1424 3313 prae·

342 3439 360 3495 5
384 3451 516 3505 uumqnae
541 3433 569 3489 Β
671 3434 798 3503 preterire
824 3432 907 3488 ΜΨ
1008 3433 1024 3485 6
1052 3447 1135 3501 nsqm
1158 3431 1185 3486 Τ
1203 3446 1225 3485 a
1241 3430 1260 3485 L
1277 3432 1351 3485 m

292 3526 405 3581 tertium
422 3540 457 3579 ccc
474 3522 583 3577 mitium
603 3520 677 3577 Tm.
695 3524 714 3577 2
818 3519 833 3573 7
852 3518 1041 3574 disnoscuntut
1058 3518 1086 3573 L
1188 3518 1305 3572 luminae
1324 3516 1351 3571 Β

292 3612 373 3703 cute
394 3646 424 3711 r,
451 3644 509 3697 urse
527 3642 565 3696 ιι
669 3639 703 3695 ιο
719 3638 859 3695 umeros
877 3637 924 3701 m,
951 3639 1111 3694 cremamus
1130 3638 1158 3691 s
1256 3636 1419 3692 irruerunt

292 3732 331 3787 ibi
352 3732 377 3787 Τ
472 3728 505 3783 12
522 3744 621 3783 annosa
638 3725 674 3792 Β,
701 3740 785 3781 anuos
803 3741 835 3780 ac
852 3724 944 3790 urm
971 3738 1101 3779 annorum
1117 3724 1200 3791 fort(
1283 3723 1420 3791 lescrope

292 3816 403 3873 BLTV
490 3810 692 3869 multitudinem
711 3811 739 3865 Β
843 3812 974 3880 idoneae
991 3809 1019 3863 B
1110 3810 1278 3863 contractum
1295 3806 1357 3862 dv

292 3904 328 3959 20
344 3916 475 3957 meremus
492 3898 605 3955 BLTV
693 3896 966 3967 procreem
1059 3895 1093 3950 21
1112 3892 1255 3949 dissiliunt
1271 3893 1353 3949 BTV

293 3986 484 4060 pergoqnch
503 3981 912 4051 (tundunt-etintelleooa13¹
930 3982 1192 4051 adamasse)
1279 3979 1420 4048 ddloqnor

292 4092 321 4149 Β
415 4090 653 4147 tersum
746 4075 1127 4153 munemundus
1219 4083 1420 4140 macros

292 4178 359 4233 aad
449 4175 483 4229 26
501 4175 595 4231 obuius
614 4173 642 4229 Β
733 4174 768 4228 dl
785 4173 955 4227 consalutmt
972 4172 1000 4227 L
1016 4170 1138 4228 eddim.
1229 4170 1301 4239 apud
1322 4170 1383 4227 Ta.
1400 4170 1419 4226 t.

293 4265 359 4319 Μ
455 4266 494 4315 ·d·
512 4259 752 4329 BLTsticipoood
769 4259 880 4313 Tm
897 4264 915 4311 d
933 4254 1350 4328 maerensmaerens&
