2992 4967
459 334 692 405 Epistularum
712 334 802 391 liber
819 336 854 391 V.
1159 335 1220 401 127

84 525 225 593 hominis
240 527 380 593 ardorem
393 524 607 593 insatiabilem
621 542 689 591 esse
704 522 870 611 didieistis‚
892 524 948 609 qui
962 523 1024 591 nisi
1038 526 1221 608 oontemptu

83 630 239 715 peeuniae
260 648 323 695 non
345 633 480 695 emetur.
518 627 642 695 domine
669 628 724 711 mi,
753 627 856 695 saluto
886 630 918 694 et
939 645 1023 713 rogo,
1052 629 1088 692 ut
1107 627 1219 709 religio

82 733 171 799 eirea
194 751 245 798 me
266 732 313 815 pii
335 732 450 799 amoris
471 734 612 799 seruetur
637 733 669 796 et
691 730 835 799 foederis.

614 918 694 987 1111.

59 1061 72 1101 5
460 1054 644 1113 maeoniis
663 1055 848 1112 numm

128 1180 196 1245 Diu
210 1180 371 1263 quaesitus
385 1181 547 1247 desideriis
563 1182 641 1247 meis
655 1180 760 1247 euenit
784 1178 927 1245 eiteotus:
949 1180 986 1243 ut
1001 1179 1093 1244 detur
1107 1178 1219 1261 genius

80 1284 260 1359 benefieiis,
285 1284 469 1349 bausmima
490 1282 525 1349 in
546 1283 677 1367 longum
692 1282 903 1365 expectatione
919 1281 1112 1347 tribuuntur.
1134 1280 1220 1346 uiuit

79 1386 116 1452 iu
142 1405 340 1470 quacumque
362 1389 519 1452 terrarum
541 1389 630 1470 parte
650 1385 852 1469 proxImitas:
881 1385 1126 1468 sequestratione
1148 1402 1218 1450 aor-

80 1508 198 1573 porum
222 1490 385 1575 sanguinis
408 1492 517 1555 eatena
539 1506 602 1553 non
626 1488 799 1571 rumpitur:
822 1506 878 1571 per
898 1486 1034 1553 dnoreta
1055 1488 1220 1571 regionum

48 1608 72 1647 1⁰
81 1594 202 1659 caritas
233 1594 349 1659 demna
380 1610 442 1657 non
470 1591 583 1673 sentit,
618 1590 740 1674 quando
770 1591 926 1656 intereos
949 1591 1003 1675 qui
1024 1589 1218 1656 habitatione

80 1698 272 1778 separantur
299 1696 491 1779 praesentiae
518 1696 588 1760 uioe
611 1696 737 1758 tenetur
758 1693 892 1760 alisatio.
931 1693 989 1760 deo
1010 1694 1218 1776 omnipotenti

79 1799 344 1883 gratissimam,
373 1798 447 1881 quis
468 1816 524 1864 uos
554 1816 707 1864 memores
734 1796 811 1862 feeit
832 1816 897 1863 esse
923 1796 1051 1881 pietatis
1080 1799 1112 1861 et
1143 1814 1218 1879 pro·

80 1900 191 1985 sepiae
216 1902 274 1967 sub
297 1901 442 1987 religiosa
469 1902 628 1967 oeoasione
657 1900 823 1966 reminisoi.
861 1901 944 1966 teste
972 1899 1029 1966 deo
1050 1902 1218 1984 postquam

81 2004 166 2069 mihi
189 2004 304 2069 domna
318 2003 457 2088 Cynegia
478 2004 628 2070 meritum
651 2009 775 2069 uestrae
797 2004 1039 2069 conuersationis
1062 2004 1216 2087 exposuit,

48 2107 239 2173 suisiomm
264 2111 404 2173 uestram
432 2106 559 2191 speciali
590 2111 698 2173 srdore
719 2106 887 2191 requisiui,
920 2106 950 2171 si
977 2106 1060 2172 notis
1094 2106 1216 2191 sopiam

81 2213 194 2294 optate
218 2209 359 2276 dedisset
386 2212 516 2275 ooeasio.
553 2208 688 2289 domina,
713 2210 912 2275 salutationis
934 2208 1145 2274 reuerentiam
1167 2208 1216 2273 di-

80 2332 153 2379 eens
187 2314 220 2379 in
243 2312 404 2397 designato
427 2314 542 2379 litteris
576 2314 690 2379 uestris
721 2311 1088 2396 negotio'ministerium
1119 2312 1216 2377 deuo·

80 2415 178 2482 tionis
203 2417 348 2500 spondeo,
365 2418 438 2500 quia
451 2418 575 2483 lentum
590 2418 767 2499 praestatur
781 2419 914 2496 animae,
931 2417 1083 2501 quantum
1098 2414 1216 2481 sanatis

79 2518 249 2584 exhibetur
272 2518 394 2585 studiis.
423 2538 497 2585 uere
520 2520 588 2585 dieo
611 2537 661 2584 me
683 2536 856 2603 numquam
878 2518 1024 2586 dilexisse
1046 2536 1139 2604 quern
1161 2520 1215 2584 de-

48 2620 249 2688 rotestemini
282 2625 314 2687 et
336 2624 481 2702 ueritum,
516 2642 555 2687 ne
589 2622 629 2689 ad
656 2622 717 2687 dixi
745 2621 880 2688 hominis
913 2620 1087 2706 profestum
1111 2624 1215 2688 uester

78 2744 206 2810 quoque
229 2724 437 2790 inelinaretur
453 2723 615 2791 adsensus.
639 2724 722 2791 adsit
745 2725 830 2803 deus,
854 2745 892 2791 ne
915 2726 955 2790 ed
969 2724 1213 2791 ecelesiasticam

81 2826 274 2913 dignitatem
290 2828 399 2893 ueniat
421 2828 509 2894 nulla
531 2828 629 2895 bouae
651 2828 859 2895 institutionis
882 2827 993 2895 incude
1008 2828 1169 2897 formatus.

630 3012 668 3078 V.

486 3148 670 3205 ammonivit
693 3148 813 3206 nv1'i0.

49 3293 73 3335 rs
126 3272 252 3339 Vellem
274 3272 402 3355 preduei
424 3289 568 3354 oausam,
596 3272 623 3336 si
645 3274 841 3355 propositum
863 3291 925 3339 non
948 3292 1128 3359 graumm,
1157 3292 1214 3356 per

81 3393 178 3460 quarn
201 3374 377 3459 frequentia
398 3376 534 3441 amantis
558 3374 677 3460 seripta
698 3377 866 3458 promerui.
905 3378 981 3444 dum
1007 3378 1094 3443 enim
1115 3396 1213 3463 nego·

116 3612 387 3677 missensem
489 3578 951 3674 mediterraneam.
1053 3618 1215 3675 emme

81 3700 141 3755 ue
242 3699 401 3769 ersmers]
419 3700 562 3757 essessa
581 3701 609 3755 e

135 3802 207 3858 1111.
242 3803 259 3857 b
285 3802 383 3857 bedese
410 3804 436 3855 Τ
536 3806 552 3859 ‘i
579 3804 655 3859 uiuet
673 3805 711 3859 'B
813 3807 831 3861 8
857 3808 1096 3877 reo-quosmatioua
1121 3810 1149 3865 L
1175 3812 1215 3880 (at

81 3894 164 3957 eras.)
270 3890 416 3945 boetheus
433 3876 462 3947 'T
565 3890 599 3948 10
615 3888 731 3961 dampna
749 3891 812 3958 LV,
841 3891 929 3962 dapne
949 3894 976 3948 Τ
1070 3896 1101 3953 ll
1120 3898 1214 3967 pseute

83 3976 109 4031 Τ
197 3976 231 4029 12
248 3977 369 4045 prosapie
389 3976 446 4037 TV
534 3978 568 4032 14
585 3977 694 4032 domiue
711 3978 783 4033 BPb
869 3978 975 4047 oiuegia
995 3981 1020 4033 Τ
1107 3982 1142 4039 15
1158 3984 1213 4038 ius·

82 4062 186 4116 sionem
208 4062 234 4116 T
334 4064 439 4133 oupiam
457 4065 485 4119 B
569 4094 574 4105 ·
590 4065 623 4121 16
641 4064 758 4119 dedisset
775 4066 870 4135 optata
887 4066 1012 4123 LPi'Vb
1114 4068 1213 4125 naulu-

82 4180 195 4237 aesna
215 4183 243 4238 a
348 4184 380 4239 1e
401 4186 539 4254 preesse
562 4184 590 4239 e
692 4184 727 4240 eo
744 4151 875 4241 nomin
978 4189 1010 4243 er
1030 4190 1147 4247 seror

82 4267 116 4321 22
131 4268 225 4324 nonde
245 4271 284 4338 (ru
304 4272 385 4338 area.)
403 4270 432 4325 11
533 4272 673 4343 formatus]
692 4270 840 4331 linit-odd.
857 4272 886 4328 B
