<?xml version="1.0" encoding="UTF-8"?>
<!DOCTYPE html PUBLIC "-//W3C//DTD XHTML 1.0 Transitional//EN"
    "http://www.w3.org/TR/xhtml1/DTD/xhtml1-transitional.dtd">
<html xmlns="http://www.w3.org/1999/xhtml" xml:lang="en" lang="en">
 <head>
  <title>
</title>
<meta http-equiv="Content-Type" content="text/html;charset=utf-8" />
  <meta name='ocr-system' content='tesseract 3.04.00' />
  <meta name='ocr-capabilities' content='ocr_page ocr_carea ocr_par ocr_line ocrx_word'/>
</head>
<body>
  <div class='ocr_page' id='page_1' title='image "./corpusscriptoru10wissgoog/corpusscriptoru10wissgoog_0593.png"; bbox 0 0 2992 4967; ppageno 0'>
   <div class='ocr_carea' id='block_1_1' title="bbox 593 344 794 401">
    <p class='ocr_par' dir='ltr' id='par_1_1' title="bbox 593 344 794 401">
     <span class='ocr_line' id='line_1_1' title="bbox 593 344 794 401; baseline -0.005 0"><span class='ocrx_word' id='word_1_1' title='bbox 593 344 712 401; x_wconf 86' lang='lat' dir='ltr'>Diotio</span> <span class='ocrx_word' id='word_1_2' title='bbox 728 344 794 401; x_wconf 77' lang='lat'>111.</span> 
     </span>
    </p>
   </div>
   <div class='ocr_carea' id='block_1_2' title="bbox 653 636 727 705">
    <p class='ocr_par' dir='ltr' id='par_1_2' title="bbox 653 636 727 705">
     <span class='ocr_line' id='line_1_2' title="bbox 653 636 727 705; baseline -0.054 0"><span class='ocrx_word' id='word_1_3' title='bbox 653 636 727 705; x_wconf 81' lang='grc' dir='ltr'>ΧΠ.</span> 
     </span>
    </p>
   </div>
   <div class='ocr_carea' id='block_1_3' title="bbox 190 804 1196 1033">
    <p class='ocr_par' dir='ltr' id='par_1_3' title="bbox 190 804 1196 1033">
     <span class='ocr_line' id='line_1_3' title="bbox 190 804 1196 923; baseline 0.004 -12"><span class='ocrx_word' id='word_1_4' title='bbox 190 840 332 911; x_wconf 81' lang='lat' dir='ltr'>monuo</span> <span class='ocrx_word' id='word_1_5' title='bbox 362 804 476 911; x_wconf 77' lang='lat' dir='ltr'>unna</span> <span class='ocrx_word' id='word_1_6' title='bbox 504 838 693 911; x_wconf 77' lang='lat' dir='ltr'>sannam</span> <span class='ocrx_word' id='word_1_7' title='bbox 721 840 900 923; x_wconf 83' lang='lat' dir='ltr'>ovnuno</span> <span class='ocrx_word' id='word_1_8' title='bbox 929 843 988 911; x_wconf 82' lang='lat' dir='ltr'>un</span> <span class='ocrx_word' id='word_1_9' title='bbox 1017 843 1196 915; x_wconf 80' lang='lat' dir='ltr'>mvnnu</span> 
     </span>
     <span class='ocr_line' id='line_1_4' title="bbox 305 960 1077 1033; baseline 0.006 -5"><span class='ocrx_word' id='word_1_10' title='bbox 305 960 546 1031; x_wconf 78' lang='lat' dir='ltr'>naovnonvs</span> <span class='ocrx_word' id='word_1_11' title='bbox 568 960 653 1029; x_wconf 86' lang='lat' dir='ltr'>nen.</span> <span class='ocrx_word' id='word_1_12' title='bbox 682 960 871 1030; x_wconf 75' lang='lat' dir='ltr'>monnau</span> <span class='ocrx_word' id='word_1_13' title='bbox 893 962 974 1030; x_wconf 81' lang='lat' dir='ltr'>svn</span> <span class='ocrx_word' id='word_1_14' title='bbox 996 964 1077 1033; x_wconf 86' lang='lat' dir='ltr'>nm</span> 
     </span>
    </p>
   </div>
   <div class='ocr_carea' id='block_1_4' title="bbox 432 1150 952 1209">
    <p class='ocr_par' dir='ltr' id='par_1_4' title="bbox 432 1150 952 1209">
     <span class='ocr_line' id='line_1_5' title="bbox 432 1150 952 1209; baseline 0.004 -2"><span class='ocrx_word' id='word_1_15' title='bbox 432 1150 567 1209; x_wconf 72' lang='grc' dir='ltr'><strong>ΤΗΕΜΔ.</strong></span> <span class='ocrx_word' id='word_1_16' title='bbox 594 1151 685 1207; x_wconf 77' lang='lat' dir='ltr'>LAVS</span> <span class='ocrx_word' id='word_1_17' title='bbox 708 1151 952 1209; x_wconf 69' lang='lat' dir='ltr'>numanam.</span> 
     </span>
    </p>
   </div>
   <div class='ocr_carea' id='block_1_5' title="bbox 588 1308 796 1358">
    <p class='ocr_par' dir='ltr' id='par_1_5' title="bbox 588 1308 796 1358">
     <span class='ocr_line' id='line_1_6' title="bbox 588 1308 796 1358; baseline 0.005 -3"><span class='ocrx_word' id='word_1_18' title='bbox 588 1308 796 1358; x_wconf 69' lang='lat' dir='ltr'><strong>PRAEFATIO.</strong></span> 
     </span>
    </p>
   </div>
   <div class='ocr_carea' id='block_1_6' title="bbox 270 1426 1109 1927">
    <p class='ocr_par' dir='ltr' id='par_1_6' title="bbox 270 1426 1087 1615">
     <span class='ocr_line' id='line_1_7' title="bbox 270 1426 1087 1515; baseline 0 -22"><span class='ocrx_word' id='word_1_19' title='bbox 270 1426 394 1495; x_wconf 78' lang='lat' dir='ltr'>Littera</span> <span class='ocrx_word' id='word_1_20' title='bbox 415 1428 454 1495; x_wconf 90' lang='lat' dir='ltr'>de</span> <span class='ocrx_word' id='word_1_21' title='bbox 476 1429 600 1515; x_wconf 87' lang='lat' dir='ltr'>proprio</span> <span class='ocrx_word' id='word_1_22' title='bbox 623 1430 770 1496; x_wconf 84' lang='lat' dir='ltr'>landetur</span> <span class='ocrx_word' id='word_1_23' title='bbox 792 1427 956 1513; x_wconf 88' lang='lat' dir='ltr'>splendida</span> <span class='ocrx_word' id='word_1_24' title='bbox 978 1446 1087 1496; x_wconf 86' lang='lat' dir='ltr'>oensu:</span> 
     </span>
     <span class='ocr_line' id='line_1_8' title="bbox 314 1530 1007 1615; baseline 0.006 -20"><span class='ocrx_word' id='word_1_25' title='bbox 314 1530 447 1597; x_wconf 85' lang='lat' dir='ltr'>Aduena</span> <span class='ocrx_word' id='word_1_26' title='bbox 468 1550 543 1597; x_wconf 91' lang='lat' dir='ltr'>nam</span> <span class='ocrx_word' id='word_1_27' title='bbox 566 1530 669 1597; x_wconf 88' lang='lat' dir='ltr'>enltus</span> <span class='ocrx_word' id='word_1_28' title='bbox 691 1530 738 1597; x_wconf 91' lang='lat' dir='ltr'>nil</span> <span class='ocrx_word' id='word_1_29' title='bbox 768 1530 889 1598; x_wconf 83' lang='lat' dir='ltr'>tribuet</span> <span class='ocrx_word' id='word_1_30' title='bbox 910 1531 1007 1615; x_wconf 79' lang='lat' dir='ltr'>genii.</span> 
     </span>
    </p>

    <p class='ocr_par' dir='ltr' id='par_1_7' title="bbox 270 1630 1016 1823">
     <span class='ocr_line' id='line_1_9' title="bbox 270 1630 986 1720; baseline 0.003 -21"><span class='ocrx_word' id='word_1_31' title='bbox 270 1630 367 1699; x_wconf 82' lang='lat' dir='ltr'>Ebria</span> <span class='ocrx_word' id='word_1_32' title='bbox 390 1632 502 1700; x_wconf 88' lang='lat' dir='ltr'>nestito</span> <span class='ocrx_word' id='word_1_33' title='bbox 525 1634 597 1720; x_wconf 90' lang='lat' dir='ltr'>plus</span> <span class='ocrx_word' id='word_1_34' title='bbox 619 1634 729 1701; x_wconf 90' lang='lat' dir='ltr'>lnoent</span> <span class='ocrx_word' id='word_1_35' title='bbox 757 1636 875 1703; x_wconf 86' lang='lat' dir='ltr'>uellera</span> <span class='ocrx_word' id='word_1_36' title='bbox 897 1634 986 1703; x_wconf 86' lang='lat' dir='ltr'>Sere:</span> 
     </span>
     <span class='ocr_line' id='line_1_10' title="bbox 313 1736 1016 1823; baseline 0.001 -23"><span class='ocrx_word' id='word_1_37' title='bbox 313 1736 440 1803; x_wconf 85' lang='lat' dir='ltr'>Persica</span> <span class='ocrx_word' id='word_1_38' title='bbox 461 1738 629 1805; x_wconf 79' lang='lat' dir='ltr'>candentes</span> <span class='ocrx_word' id='word_1_39' title='bbox 653 1739 735 1804; x_wconf 92' lang='lat' dir='ltr'>oolla</span> <span class='ocrx_word' id='word_1_40' title='bbox 757 1736 865 1804; x_wconf 90' lang='lat' dir='ltr'>dooont</span> <span class='ocrx_word' id='word_1_41' title='bbox 887 1738 1016 1823; x_wconf 92' lang='lat' dir='ltr'>lapides.</span> 
     </span>
    </p>

    <p class='ocr_par' dir='ltr' id='par_1_8' title="bbox 271 1836 1109 1927">
     <span class='ocr_line' id='line_1_11' title="bbox 271 1836 1109 1927; baseline 0.007 -26"><span class='ocrx_word' id='word_1_42' title='bbox 271 1836 341 1905; x_wconf 82' lang='lat' dir='ltr'>Non</span> <span class='ocrx_word' id='word_1_43' title='bbox 364 1839 455 1907; x_wconf 90' lang='lat' dir='ltr'>iuuat</span> <span class='ocrx_word' id='word_1_44' title='bbox 477 1842 603 1906; x_wconf 85' lang='lat' dir='ltr'>externo</span> <span class='ocrx_word' id='word_1_45' title='bbox 627 1860 799 1927; x_wconf 76' lang='lat' dir='ltr'><strong>conponere</strong></span> <span class='ocrx_word' id='word_1_46' title='bbox 822 1843 965 1908; x_wconf 90' lang='lat' dir='ltr'>membra</span> <span class='ocrx_word' id='word_1_47' title='bbox 991 1841 1109 1907; x_wconf 87' lang='lat' dir='ltr'>nitore:</span> 
     </span>
    </p>
   </div>
   <div class='ocr_carea' id='block_1_7' title="bbox 313 1940 863 2011">
    <p class='ocr_par' dir='ltr' id='par_1_9' title="bbox 313 1940 863 2011">
     <span class='ocr_line' id='line_1_12' title="bbox 313 1940 863 2011; baseline 0.004 -4"><span class='ocrx_word' id='word_1_48' title='bbox 313 1940 380 2007; x_wconf 84' lang='lat' dir='ltr'>Lux</span> <span class='ocrx_word' id='word_1_49' title='bbox 402 1942 557 2009; x_wconf 81' lang='lat' dir='ltr'>naturalis</span> <span class='ocrx_word' id='word_1_50' title='bbox 572 1944 684 2011; x_wconf 83' lang='lat' dir='ltr'>sidona</span> <span class='ocrx_word' id='word_1_51' title='bbox 706 1944 863 2011; x_wconf 88' lang='lat' dir='ltr'>nobilitat.</span> 
     </span>
    </p>
   </div>
   <div class='ocr_carea' id='block_1_8' title="bbox 598 2150 785 2199">
    <p class='ocr_par' dir='ltr' id='par_1_10' title="bbox 598 2150 785 2199">
     <span class='ocr_line' id='line_1_13' title="bbox 598 2150 785 2199; baseline 0.005 -1"><span class='ocrx_word' id='word_1_52' title='bbox 598 2150 785 2199; x_wconf 65' lang='lat' dir='ltr'>nebulio,</span> 
     </span>
    </p>
   </div>
   <div class='ocr_carea' id='block_1_9' title="bbox 168 2264 1256 2355">
    <p class='ocr_par' dir='ltr' id='par_1_11' title="bbox 168 2264 1256 2355">
     <span class='ocr_line' id='line_1_14' title="bbox 168 2264 1256 2355; baseline 0.003 -23"><span class='ocrx_word' id='word_1_53' title='bbox 168 2264 321 2335; x_wconf 84' lang='lat' dir='ltr'><strong>Omnibus</strong></span> <span class='ocrx_word' id='word_1_54' title='bbox 345 2268 456 2349; x_wconf 84' lang='lat' dir='ltr'>rebus,</span> <span class='ocrx_word' id='word_1_55' title='bbox 485 2288 563 2355; x_wconf 88' lang='lat' dir='ltr'>qnae</span> <span class='ocrx_word' id='word_1_56' title='bbox 587 2271 797 2337; x_wconf 72' lang='lat' dir='ltr'><strong>aestimantur</strong></span> <span class='ocrx_word' id='word_1_57' title='bbox 826 2269 923 2355; x_wconf 77' lang='lat' dir='ltr'>digna</span> <span class='ocrx_word' id='word_1_58' title='bbox 951 2268 1140 2355; x_wconf 82' lang='lat' dir='ltr'>praeconiis,</span> <span class='ocrx_word' id='word_1_59' title='bbox 1169 2266 1256 2335; x_wconf 82' lang='lat' dir='ltr'>exbi-</span> 
     </span>
    </p>
   </div>
   <div class='ocr_carea' id='block_1_10' title="bbox 81 2369 1266 3489">
    <p class='ocr_par' dir='ltr' id='par_1_12' title="bbox 81 2369 1266 3489">
     <span class='ocr_line' id='line_1_15' title="bbox 122 2369 1258 2458; baseline 0.002 -23"><span class='ocrx_word' id='word_1_60' title='bbox 122 2369 226 2439; x_wconf 87' lang='lat' dir='ltr'>banda</span> <span class='ocrx_word' id='word_1_61' title='bbox 247 2375 298 2437; x_wconf 87' lang='lat' dir='ltr'>est</span> <span class='ocrx_word' id='word_1_62' title='bbox 319 2392 375 2458; x_wconf 91' lang='lat' dir='ltr'>pro</span> <span class='ocrx_word' id='word_1_63' title='bbox 398 2372 521 2441; x_wconf 87' lang='lat' dir='ltr'>dioondi</span> <span class='ocrx_word' id='word_1_64' title='bbox 543 2374 697 2441; x_wconf 73' lang='lat' dir='ltr'>facultate</span> <span class='ocrx_word' id='word_1_65' title='bbox 720 2374 877 2441; x_wconf 83' lang='lat' dir='ltr'>laudatio:</span> <span class='ocrx_word' id='word_1_66' title='bbox 905 2372 944 2439; x_wconf 92' lang='lat' dir='ltr'>ab</span> <span class='ocrx_word' id='word_1_67' title='bbox 967 2373 1160 2457; x_wconf 75' lang='lat' dir='ltr'>eloquentiae</span> <span class='ocrx_word' id='word_1_68' title='bbox 1185 2371 1258 2438; x_wconf 89' lang='lat' dir='ltr'>dote</span> 
     </span>
     <span class='ocr_line' id='line_1_16' title="bbox 81 2474 1258 2563; baseline 0.001 -24"><span class='ocrx_word' id='word_1_69' title='bbox 81 2489 112 2531; x_wconf 78' lang='lat'>1⁶</span> <span class='ocrx_word' id='word_1_70' title='bbox 121 2474 320 2543; x_wconf 84' lang='lat' dir='ltr'>radiantibus</span> <span class='ocrx_word' id='word_1_71' title='bbox 342 2476 500 2547; x_wconf 86' lang='lat' dir='ltr'>reddenda</span> <span class='ocrx_word' id='word_1_72' title='bbox 526 2479 601 2543; x_wconf 87' lang='lat' dir='ltr'>sunt</span> <span class='ocrx_word' id='word_1_73' title='bbox 622 2478 736 2543; x_wconf 73' lang='lat' dir='ltr'>littens</span> <span class='ocrx_word' id='word_1_74' title='bbox 763 2495 843 2563; x_wconf 86' lang='lat' dir='ltr'>quae</span> <span class='ocrx_word' id='word_1_75' title='bbox 870 2478 1036 2556; x_wconf 77' lang='lat' dir='ltr'>debentur,</span> <span class='ocrx_word' id='word_1_76' title='bbox 1065 2475 1147 2559; x_wconf 84' lang='lat' dir='ltr'>qnia,</span> <span class='ocrx_word' id='word_1_77' title='bbox 1175 2475 1258 2541; x_wconf 75' lang='lat' dir='ltr'>nont</span> 
     </span>
     <span class='ocr_line' id='line_1_17' title="bbox 121 2577 1258 2663; baseline 0.004 -22"><span class='ocrx_word' id='word_1_78' title='bbox 121 2577 299 2661; x_wconf 80' lang='lat' dir='ltr'>gratuitum</span> <span class='ocrx_word' id='word_1_79' title='bbox 328 2596 442 2645; x_wconf 89' lang='lat' dir='ltr'>munus</span> <span class='ocrx_word' id='word_1_80' title='bbox 473 2580 504 2646; x_wconf 89' lang='lat' dir='ltr'>et</span> <span class='ocrx_word' id='word_1_81' title='bbox 531 2596 605 2663; x_wconf 89' lang='lat' dir='ltr'>opes</span> <span class='ocrx_word' id='word_1_82' title='bbox 639 2583 671 2647; x_wconf 90' lang='lat' dir='ltr'>et</span> <span class='ocrx_word' id='word_1_83' title='bbox 698 2582 839 2647; x_wconf 87' lang='lat' dir='ltr'>animum</span> <span class='ocrx_word' id='word_1_84' title='bbox 861 2578 982 2645; x_wconf 87' lang='lat' dir='ltr'>indioat</span> <span class='ocrx_word' id='word_1_85' title='bbox 1010 2578 1183 2663; x_wconf 78' lang='lat' dir='ltr'>largitoris,</span> <span class='ocrx_word' id='word_1_86' title='bbox 1209 2578 1258 2646; x_wconf 85' lang='lat' dir='ltr'>ita</span> 
     </span>
     <span class='ocr_line' id='line_1_18' title="bbox 122 2678 1258 2767; baseline 0.002 -22"><span class='ocrx_word' id='word_1_87' title='bbox 122 2684 253 2764; x_wconf 88' lang='lat' dir='ltr'>aoeopta</span> <span class='ocrx_word' id='word_1_88' title='bbox 280 2678 426 2767; x_wconf 78' lang='lat' dir='ltr'>denegari</span> <span class='ocrx_word' id='word_1_89' title='bbox 454 2680 625 2749; x_wconf 86' lang='lat' dir='ltr'>auaritiam</span> <span class='ocrx_word' id='word_1_90' title='bbox 656 2683 689 2747; x_wconf 85' lang='lat' dir='ltr'>ei</span> <span class='ocrx_word' id='word_1_91' title='bbox 717 2680 947 2765; x_wconf 86' lang='lat' dir='ltr'>impudentiam</span> <span class='ocrx_word' id='word_1_92' title='bbox 980 2684 1099 2746; x_wconf 83' lang='lat' dir='ltr'>resonat</span> <span class='ocrx_word' id='word_1_93' title='bbox 1132 2680 1258 2764; x_wconf 89' lang='lat' dir='ltr'>suppri-</span> 
     </span>
     <span class='ocr_line' id='line_1_19' title="bbox 121 2781 1257 2867; baseline 0 -18"><span class='ocrx_word' id='word_1_94' title='bbox 121 2782 248 2849; x_wconf 81' lang='lat' dir='ltr'>mentis.</span> <span class='ocrx_word' id='word_1_95' title='bbox 292 2782 427 2850; x_wconf 80' lang='lat' dir='ltr'>libemus</span> <span class='ocrx_word' id='word_1_96' title='bbox 456 2784 637 2853; x_wconf 85' lang='lat' dir='ltr'>litterannm</span> <span class='ocrx_word' id='word_1_97' title='bbox 667 2783 791 2851; x_wconf 88' lang='lat' dir='ltr'>numini</span> <span class='ocrx_word' id='word_1_98' title='bbox 821 2783 903 2867; x_wconf 90' lang='lat' dir='ltr'>quod</span> <span class='ocrx_word' id='word_1_99' title='bbox 934 2784 973 2849; x_wconf 90' lang='lat' dir='ltr'>de</span> <span class='ocrx_word' id='word_1_100' title='bbox 1002 2783 1141 2867; x_wconf 86' lang='lat' dir='ltr'>ipsarum</span> <span class='ocrx_word' id='word_1_101' title='bbox 1166 2781 1257 2849; x_wconf 83' lang='lat' dir='ltr'>fiuxit</span> 
     </span>
     <span class='ocr_line' id='line_1_20' title="bbox 122 2884 1256 2971; baseline 0 -20"><span class='ocrx_word' id='word_1_102' title='bbox 122 2884 286 2953; x_wconf 86' lang='lat' dir='ltr'>altaribus.</span> <span class='ocrx_word' id='word_1_103' title='bbox 322 2886 499 2971; x_wconf 85' lang='lat' dir='ltr'>quantisuis</span> <span class='ocrx_word' id='word_1_104' title='bbox 528 2889 611 2955; x_wconf 91' lang='lat' dir='ltr'>enim</span> <span class='ocrx_word' id='word_1_105' title='bbox 635 2886 773 2956; x_wconf 86' lang='lat' dir='ltr'>materia</span> <span class='ocrx_word' id='word_1_106' title='bbox 792 2887 856 2954; x_wconf 83' lang='lat' dir='ltr'>ista</span> <span class='ocrx_word' id='word_1_107' title='bbox 888 2886 987 2971; x_wconf 89' lang='lat' dir='ltr'>oopiis</span> <span class='ocrx_word' id='word_1_108' title='bbox 1014 2884 1256 2970; x_wconf 75' lang='lat' dir='ltr'>praedicationis</span> 
     </span>
     <span class='ocr_line' id='line_1_21' title="bbox 84 2988 1256 3077; baseline 0.003 -25"><span class='ocrx_word' id='word_1_109' title='bbox 84 2988 301 3072; x_wconf 77' lang='lat' dir='ltr'>sobonoretur,</span> <span class='ocrx_word' id='word_1_110' title='bbox 324 2990 469 3075; x_wconf 86' lang='lat' dir='ltr'>qnalibet</span> <span class='ocrx_word' id='word_1_111' title='bbox 490 2992 601 3059; x_wconf 88' lang='lat' dir='ltr'>effluat</span> <span class='ocrx_word' id='word_1_112' title='bbox 623 2991 771 3059; x_wconf 87' lang='lat' dir='ltr'>ubertate</span> <span class='ocrx_word' id='word_1_113' title='bbox 795 2991 968 3073; x_wconf 83' lang='lat' dir='ltr'>diatonum,</span> <span class='ocrx_word' id='word_1_114' title='bbox 992 2990 1031 3057; x_wconf 90' lang='lat' dir='ltr'>de</span> <span class='ocrx_word' id='word_1_115' title='bbox 1051 2988 1256 3077; x_wconf 81' lang='lat' dir='ltr'>possessionis</span> 
     </span>
     <span class='ocr_line' id='line_1_22' title="bbox 122 3090 1266 3181; baseline 0 -22"><span class='ocrx_word' id='word_1_116' title='bbox 122 3110 198 3159; x_wconf 86' lang='lat' dir='ltr'>snae</span> <span class='ocrx_word' id='word_1_117' title='bbox 226 3090 370 3179; x_wconf 79' lang='lat' dir='ltr'>frugibus</span> <span class='ocrx_word' id='word_1_118' title='bbox 398 3097 490 3179; x_wconf 88' lang='lat' dir='ltr'>pasta</span> <span class='ocrx_word' id='word_1_119' title='bbox 517 3097 666 3177; x_wconf 88' lang='lat' dir='ltr'>satiatur,</span> <span class='ocrx_word' id='word_1_120' title='bbox 693 3096 784 3181; x_wconf 83' lang='lat' dir='ltr'>qnia,</span> <span class='ocrx_word' id='word_1_121' title='bbox 812 3096 889 3161; x_wconf 90' lang='lat' dir='ltr'>dnm</span> <span class='ocrx_word' id='word_1_122' title='bbox 911 3096 995 3163; x_wconf 89' lang='lat' dir='ltr'>inter</span> <span class='ocrx_word' id='word_1_123' title='bbox 1018 3094 1156 3174; x_wconf 86' lang='lat' dir='ltr'>nireotn,</span> <span class='ocrx_word' id='word_1_124' title='bbox 1179 3110 1266 3177; x_wconf 79' lang='lat' dir='ltr'>qnae,</span> 
     </span>
     <span class='ocr_line' id='line_1_23' title="bbox 122 3194 1257 3284; baseline -0.004 -21"><span class='ocrx_word' id='word_1_125' title='bbox 122 3194 296 3280; x_wconf 84' lang='lat' dir='ltr'>disposuit,</span> <span class='ocrx_word' id='word_1_126' title='bbox 318 3198 445 3281; x_wconf 85' lang='lat' dir='ltr'>propria</span> <span class='ocrx_word' id='word_1_127' title='bbox 473 3200 576 3265; x_wconf 89' lang='lat' dir='ltr'>oeulos</span> <span class='ocrx_word' id='word_1_128' title='bbox 599 3199 791 3268; x_wconf 86' lang='lat' dir='ltr'>amoenitate</span> <span class='ocrx_word' id='word_1_129' title='bbox 813 3198 972 3284; x_wconf 71' lang='lat' dir='ltr'>captiua,</span> <span class='ocrx_word' id='word_1_130' title='bbox 1006 3197 1102 3265; x_wconf 88' lang='lat' dir='ltr'>babet</span> <span class='ocrx_word' id='word_1_131' title='bbox 1129 3196 1257 3282; x_wconf 87' lang='lat' dir='ltr'>quidem</span> 
     </span>
     <span class='ocr_line' id='line_1_24' title="bbox 122 3297 1258 3387; baseline -0.003 -23"><span class='ocrx_word' id='word_1_132' title='bbox 122 3299 194 3383; x_wconf 87' lang='lat' dir='ltr'>ipsa</span> <span class='ocrx_word' id='word_1_133' title='bbox 220 3300 447 3367; x_wconf 76' lang='lat' dir='ltr'>iocunditatem</span> <span class='ocrx_word' id='word_1_134' title='bbox 478 3301 517 3368; x_wconf 92' lang='lat' dir='ltr'>de</span> <span class='ocrx_word' id='word_1_135' title='bbox 544 3302 742 3387; x_wconf 81' lang='lat' dir='ltr'>graminibus</span> <span class='ocrx_word' id='word_1_136' title='bbox 776 3302 860 3378; x_wconf 87' lang='lat' dir='ltr'>suis,</span> <span class='ocrx_word' id='word_1_137' title='bbox 892 3300 947 3367; x_wconf 86' lang='lat' dir='ltr'>aed</span> <span class='ocrx_word' id='word_1_138' title='bbox 980 3301 1101 3367; x_wconf 87' lang='lat' dir='ltr'>maiora</span> <span class='ocrx_word' id='word_1_139' title='bbox 1129 3297 1258 3384; x_wconf 89' lang='lat' dir='ltr'>oapinnt</span> 
     </span>
     <span class='ocr_line' id='line_1_25' title="bbox 121 3400 1256 3489; baseline -0.004 -20"><span class='ocrx_word' id='word_1_140' title='bbox 121 3419 239 3469; x_wconf 85' lang='lat' dir='ltr'>messes</span> <span class='ocrx_word' id='word_1_141' title='bbox 261 3402 460 3489; x_wconf 78' lang='lat' dir='ltr'>ingeniorum</span> <span class='ocrx_word' id='word_1_142' title='bbox 482 3404 676 3471; x_wconf 75' lang='lat' dir='ltr'>intromonte</span> <span class='ocrx_word' id='word_1_143' title='bbox 689 3422 745 3488; x_wconf 86' lang='lat' dir='ltr'>per</span> <span class='ocrx_word' id='word_1_144' title='bbox 762 3404 934 3471; x_wconf 88' lang='lat' dir='ltr'>dominam.</span> <span class='ocrx_word' id='word_1_145' title='bbox 958 3403 1066 3487; x_wconf 83' lang='lat' dir='ltr'>itaque</span> <span class='ocrx_word' id='word_1_146' title='bbox 1087 3402 1141 3485; x_wconf 86' lang='lat' dir='ltr'>qui</span> <span class='ocrx_word' id='word_1_147' title='bbox 1165 3400 1256 3467; x_wconf 82' lang='lat' dir='ltr'>fenne</span> 
     </span>
    </p>
   </div>
   <div class='ocr_carea' id='block_1_11' title="bbox 122 3670 1257 4340">
    <p class='ocr_par' dir='ltr' id='par_1_13' title="bbox 122 3670 1257 4340">
     <span class='ocr_line' id='line_1_26' title="bbox 175 3670 1189 3741; baseline -0.008 -8"><span class='ocrx_word' id='word_1_148' title='bbox 175 3676 239 3733; x_wconf 71' lang='grc' dir='ltr'>ΧΠ.</span> <span class='ocrx_word' id='word_1_149' title='bbox 268 3677 285 3731; x_wconf 82' lang='lat'><strong>2</strong></span> <span class='ocrx_word' id='word_1_150' title='bbox 311 3678 439 3735; x_wconf 85' lang='lat' dir='ltr'>deta-l.</span> <span class='ocrx_word' id='word_1_151' title='bbox 457 3684 489 3735; x_wconf 86' lang='lat'>11</span> <span class='ocrx_word' id='word_1_152' title='bbox 513 3678 643 3733; x_wconf 87' lang='lat' dir='ltr'>nobilitat</span> <span class='ocrx_word' id='word_1_153' title='bbox 660 3692 711 3733; x_wconf 78' lang='lat' dir='ltr'>om.</span> <span class='ocrx_word' id='word_1_154' title='bbox 739 3676 772 3741; x_wconf 62' lang='lat' dir='ltr'>ni</span> <span class='ocrx_word' id='word_1_155' title='bbox 802 3679 889 3731; x_wconf 73' lang='lat' dir='ltr'>totoue</span> <span class='ocrx_word' id='word_1_156' title='bbox 916 3673 1063 3731; x_wconf 65' lang='lat' dir='ltr'>didm</span> <span class='ocrx_word' id='word_1_157' title='bbox 1084 3687 1136 3727; x_wconf 72' lang='lat' dir='ltr'>om.</span> <span class='ocrx_word' id='word_1_158' title='bbox 1160 3670 1189 3725; x_wconf 93' lang='lat' dir='ltr'><strong><em>P</em></strong></span> 
     </span>
     <span class='ocr_line' id='line_1_27' title="bbox 123 3756 1256 3835; baseline -0.005 -16"><span class='ocrx_word' id='word_1_159' title='bbox 123 3762 282 3821; x_wconf 78' lang='lat' dir='ltr'>aratorilllll</span> <span class='ocrx_word' id='word_1_160' title='bbox 302 3764 395 3835; x_wconf 85' lang='lat' dir='ltr'>(etiam</span> <span class='ocrx_word' id='word_1_161' title='bbox 413 3769 494 3833; x_wconf 84' lang='lat' dir='ltr'>eros.)</span> <span class='ocrx_word' id='word_1_162' title='bbox 512 3764 540 3821; x_wconf 84' lang='lat' dir='ltr'><em>L</em></span> <span class='ocrx_word' id='word_1_163' title='bbox 644 3761 753 3819; x_wconf 73' lang='lat' dir='ltr'>idiota</span> <span class='ocrx_word' id='word_1_164' title='bbox 770 3759 828 3819; x_wconf 74' lang='lat' dir='ltr'>LV</span> <span class='ocrx_word' id='word_1_165' title='bbox 924 3758 977 3830; x_wconf 88' lang='lat' dir='ltr'>die]</span> <span class='ocrx_word' id='word_1_166' title='bbox 996 3756 1163 3814; x_wconf 82' lang='lat' dir='ltr'>Scholastioa</span> <span class='ocrx_word' id='word_1_167' title='bbox 1182 3758 1256 3813; x_wconf 74' lang='lat' dir='ltr'>sexta</span> 
     </span>
     <span class='ocr_line' id='line_1_28' title="bbox 123 3840 1257 3917; baseline -0.011 -9"><span class='ocrx_word' id='word_1_168' title='bbox 123 3853 207 3909; x_wconf 66' lang='grc' dir='ltr'>ὄνειον.</span> <span class='ocrx_word' id='word_1_169' title='bbox 226 3848 291 3907; x_wconf 77' lang='lat' dir='ltr'>aad.</span> <span class='ocrx_word' id='word_1_170' title='bbox 309 3848 392 3906; x_wconf 72' lang='lat' dir='ltr'>dim.</span> <span class='ocrx_word' id='word_1_171' title='bbox 495 3849 637 3907; x_wconf 68' lang='lat' dir='ltr'>ithaema</span> <span class='ocrx_word' id='word_1_172' title='bbox 653 3848 680 3903; x_wconf 94' lang='grc' dir='ltr'><strong><em>Β</em></strong></span> <span class='ocrx_word' id='word_1_173' title='bbox 784 3845 854 3917; x_wconf 73' lang='lat' dir='ltr'>bne]</span> <span class='ocrx_word' id='word_1_174' title='bbox 873 3846 902 3901; x_wconf 90' lang='lat' dir='ltr'>in</span> <span class='ocrx_word' id='word_1_175' title='bbox 920 3844 999 3901; x_wconf 88' lang='lat' dir='ltr'>laude</span> <span class='ocrx_word' id='word_1_176' title='bbox 1017 3844 1045 3899; x_wconf 89' lang='grc' dir='ltr'><strong><em>Β</em></strong></span> <span class='ocrx_word' id='word_1_177' title='bbox 1063 3845 1107 3913; x_wconf 82' lang='lat' dir='ltr'>(oo.</span> <span class='ocrx_word' id='word_1_178' title='bbox 1125 3843 1201 3908; x_wconf 79' lang='lat' dir='ltr'>reo),</span> <span class='ocrx_word' id='word_1_179' title='bbox 1225 3840 1257 3897; x_wconf 87' lang='lat' dir='ltr'>in</span> 
     </span>
     <span class='ocr_line' id='line_1_29' title="bbox 123 3927 1255 4009; baseline -0.006 -17"><span class='ocrx_word' id='word_1_180' title='bbox 123 3936 264 3995; x_wconf 77' lang='lat' dir='ltr'>laudemb</span> <span class='ocrx_word' id='word_1_181' title='bbox 366 3938 513 4009; x_wconf 76' lang='lat' dir='ltr'>bproproo</span> <span class='ocrx_word' id='word_1_182' title='bbox 531 3936 568 3991; x_wconf 76' lang='grc' dir='ltr'>Β·</span> <span class='ocrx_word' id='word_1_183' title='bbox 672 3934 707 3989; x_wconf 91' lang='grc'>10</span> <span class='ocrx_word' id='word_1_184' title='bbox 723 3932 787 4003; x_wconf 93' lang='lat' dir='ltr'>non]</span> <span class='ocrx_word' id='word_1_185' title='bbox 805 3931 846 3986; x_wconf 89' lang='lat' dir='ltr'>nil</span> <span class='ocrx_word' id='word_1_186' title='bbox 864 3932 945 3988; x_wconf 72' lang='lat' dir='ltr'>Sim</span> <span class='ocrx_word' id='word_1_187' title='bbox 1051 3930 1085 3985; x_wconf 83' lang='grc'>13</span> <span class='ocrx_word' id='word_1_188' title='bbox 1102 3927 1188 3999; x_wconf 74' lang='lat' dir='ltr'>digna</span> <span class='ocrx_word' id='word_1_189' title='bbox 1204 3941 1255 3985; x_wconf 71' lang='lat' dir='ltr'>on.</span> 
     </span>
     <span class='ocr_line' id='line_1_30' title="bbox 124 4013 1191 4091; baseline -0.008 -11"><span class='ocrx_word' id='word_1_190' title='bbox 124 4022 208 4079; x_wconf 73' lang='lat' dir='ltr'>som.</span> <span class='ocrx_word' id='word_1_191' title='bbox 307 4022 435 4079; x_wconf 77' lang='lat' dir='ltr'>exibenda</span> <span class='ocrx_word' id='word_1_192' title='bbox 452 4022 480 4077; x_wconf 90' lang='grc' dir='ltr'><strong><em>Β</em></strong></span> <span class='ocrx_word' id='word_1_193' title='bbox 583 4021 617 4078; x_wconf 81' lang='grc'>14</span> <span class='ocrx_word' id='word_1_194' title='bbox 636 4020 779 4091; x_wconf 85' lang='lat' dir='ltr'>eloquente</span> <span class='ocrx_word' id='word_1_195' title='bbox 796 4017 831 4073; x_wconf 78' lang='lat' dir='ltr'>T¹</span> <span class='ocrx_word' id='word_1_196' title='bbox 929 4018 963 4074; x_wconf 83' lang='grc'>16</span> <span class='ocrx_word' id='word_1_197' title='bbox 980 4018 1030 4074; x_wconf 72' lang='lat' dir='ltr'>oli.</span> <span class='ocrx_word' id='word_1_198' title='bbox 1047 4018 1078 4072; x_wconf 86' lang='lat' dir='ltr'>et</span> <span class='ocrx_word' id='word_1_199' title='bbox 1093 4029 1143 4071; x_wconf 75' lang='lat' dir='ltr'>oua</span> <span class='ocrx_word' id='word_1_200' title='bbox 1163 4013 1191 4070; x_wconf 78' lang='grc' dir='ltr'><em>Τ</em></span> 
     </span>
     <span class='ocr_line' id='line_1_31' title="bbox 122 4102 1256 4179; baseline -0.008 -13"><span class='ocrx_word' id='word_1_201' title='bbox 122 4109 246 4166; x_wconf 81' lang='lat' dir='ltr'>inelieaut</span> <span class='ocrx_word' id='word_1_202' title='bbox 274 4106 300 4164; x_wconf 81' lang='lat' dir='ltr'><em>T</em></span> <span class='ocrx_word' id='word_1_203' title='bbox 400 4109 435 4165; x_wconf 86' lang='grc'>18</span> <span class='ocrx_word' id='word_1_204' title='bbox 458 4108 582 4179; x_wconf 85' lang='lat' dir='ltr'>libemus]</span> <span class='ocrx_word' id='word_1_205' title='bbox 609 4106 711 4163; x_wconf 77' lang='lat' dir='ltr'>ibimus</span> <span class='ocrx_word' id='word_1_206' title='bbox 737 4104 777 4171; x_wconf 88' lang='grc' dir='ltr'>Β,</span> <span class='ocrx_word' id='word_1_207' title='bbox 807 4103 997 4171; x_wconf 55' lang='lat' dir='ltr'>babuimus&amp;</span> <span class='ocrx_word' id='word_1_208' title='bbox 1017 4102 1046 4159; x_wconf 92' lang='grc' dir='ltr'><strong><em>Β</em></strong></span> <span class='ocrx_word' id='word_1_209' title='bbox 1061 4117 1083 4159; x_wconf 79' lang='lat' dir='ltr'>a.</span> <span class='ocrx_word' id='word_1_210' title='bbox 1101 4102 1120 4159; x_wconf 86' lang='lat' dir='ltr'>l.</span> <span class='ocrx_word' id='word_1_211' title='bbox 1137 4115 1171 4155; x_wconf 77' lang='lat' dir='ltr'>ua</span> <span class='ocrx_word' id='word_1_212' title='bbox 1190 4111 1256 4165; x_wconf 74' lang='lat' dir='ltr'>m,</span> 
     </span>
     <span class='ocr_line' id='line_1_32' title="bbox 123 4183 1257 4264; baseline -0.011 -11"><span class='ocrx_word' id='word_1_213' title='bbox 123 4195 308 4253; x_wconf 76' lang='lat' dir='ltr'>ullamne</span> <span class='ocrx_word' id='word_1_214' title='bbox 412 4194 445 4251; x_wconf 83' lang='grc'>19</span> <span class='ocrx_word' id='word_1_215' title='bbox 471 4192 558 4264; x_wconf 74' lang='lat' dir='ltr'>capiis</span> <span class='ocrx_word' id='word_1_216' title='bbox 583 4192 623 4251; x_wconf 74' lang='grc' dir='ltr'>ΒΙ</span> <span class='ocrx_word' id='word_1_217' title='bbox 725 4191 759 4247; x_wconf 72' lang='lat'>21</span> <span class='ocrx_word' id='word_1_218' title='bbox 786 4188 888 4247; x_wconf 68' lang='lat' dir='ltr'>dimota</span> <span class='ocrx_word' id='word_1_219' title='bbox 914 4190 932 4247; x_wconf 85' lang='lat' dir='ltr'>b</span> <span class='ocrx_word' id='word_1_220' title='bbox 1034 4190 1070 4245; x_wconf 73' lang='lat' dir='ltr'>al</span> <span class='ocrx_word' id='word_1_221' title='bbox 1095 4187 1195 4242; x_wconf 79' lang='lat' dir='ltr'>senune</span> <span class='ocrx_word' id='word_1_222' title='bbox 1220 4183 1257 4253; x_wconf 77' lang='grc' dir='ltr'>Β,</span> 
     </span>
     <span class='ocr_line' id='line_1_33' title="bbox 122 4279 273 4340; baseline -0.033 0"><span class='ocrx_word' id='word_1_223' title='bbox 122 4284 228 4340; x_wconf 73' lang='lat' dir='ltr'>benum</span> <span class='ocrx_word' id='word_1_224' title='bbox 247 4279 273 4335; x_wconf 81' lang='lat' dir='ltr'><em>T</em></span> 
     </span>
    </p>
   </div>
   <div class='ocr_carea' id='block_1_12' title="bbox 0 0 1500 4967">
    <p class='ocr_par' dir='ltr' id='par_1_14' title="bbox 0 0 1500 4967">
     <span class='ocr_line' id='line_1_34' title="bbox 0 0 1500 4967; baseline 0 0"><span class='ocrx_word' id='word_1_225' title='bbox 0 0 1500 4967; x_wconf 95' lang='lat' dir='ltr'> </span> 
     </span>
    </p>
   </div>
  </div>
 </body>
</html>
