2992 4967
498 392 591 449 liner
613 390 667 458 ιιι
693 389 803 447 ιε-ιι.
1173 394 1214 461 81

74 604 285 673 nequaquam
308 586 410 652 iurare
433 586 611 662 uoluerunt,
634 582 774 649 diceutes
796 582 988 665 prohibitum
1003 582 1102 650 luisse
1120 597 1216 648 cuan-

73 694 192 777 geliua
224 690 421 775 auctoritate,
455 690 522 773 mse
555 688 680 753 demine
713 686 853 753 dicentet
886 704 962 752 nen
996 685 1145 753 iurubis
1179 686 1218 752 in

74 792 182 859 tute.
213 791 333 872 Quibus
351 790 491 856 ministri
505 790 605 874 regist
627 778 785 854 ςιιιιιὼιιι
799 787 834 852 iu
848 788 957 872 parte',
980 786 1137 872 inquiunt,
1151 786 1218 873 ‘qui

75 899 194 963 iuram
217 888 407 980 deponunt!
452 893 607 975 Quicum
630 894 817 975 secederent,
850 892 980 959 ιιιιιιιιι
1009 894 1218 960 scribentibus

48 1000 160 1083 equis
185 998 260 1081 quid
282 999 400 1064 diceret
423 998 475 1063 uel
492 1016 528 1063 ax
551 1016 614 1079 qua
636 996 771 1062 ciuitate
791 996 911 1079 suisset,
932 996 1080 1063 similiter
1100 998 1221 1065 acum

79 1108 139 1169 est
162 1104 252 1168 uide
267 1101 344 1183 illis,
366 1103 420 1183 qui
437 1100 566 1167 minime
587 1100 787 1177 iuraueruntr
810 1100 980 1182 statimque
994 1116 1066 1183 pars
1088 1104 1220 1185 utruque

79 1206 249 1273 custodiae
272 1206 477 1287 mancipatur.

134 1327 203 1408 (IV,
227 1326 259 1409 5)
286 1326 364 1390 Post
385 1339 459 1391 ucrc
480 1325 566 1389 inane
588 1340 666 1407 quse
687 1323 850 1389 celabatur
865 1323 1017 1405 apparuit.
1040 1323 1273 1395 iurantibua20

83 1432 212 1495 dictum
228 1435 293 1495 est:
316 1421 422 1513 ‘quare
438 1432 545 1494 centra
561 1429 760 1511 praeceptum
778 1426 934 1512 euangelii
949 1428 1052 1493 iurare
1067 1428 1219 1511 uoluistis,

40 1560 71 1598 ιο
83 1534 187 1598 iuuerit
201 1552 253 1597 rex
270 1536 306 1597 ut
323 1531 470 1597 ciuitates
487 1532 582 1614 atque
597 1530 741 1596 ecclesiae
756 1533 877 1596 uestras
892 1546 1060 1613 numquam
1076 1532 1219 1613 uldeutis

84 1638 146 1702 sed
178 1636 311 1721 relegati
345 1638 504 1702 colonatus
535 1636 605 1701 iure
627 1634 671 1699 ad¹
693 1633 895 1699 excolendum
928 1652 1019 1718 agros
1050 1634 1221 1719 accipiatis,

85 1740 140 1804 ita
162 1741 266 1805 tamen
289 1744 407 1806 utnon
431 1739 578 1825 psallatis
607 1756 706 1820 neque
729 1738 822 1803 cretis
844 1742 900 1803 aut
921 1741 961 1805 ad
982 1738 1149 1821 legendum
1172 1754 1222 1805 ce-

87 1842 197 1907 dicem
220 1842 253 1907 in
275 1844 421 1909 manibus
445 1844 585 1928 gestetis,
608 1859 669 1907 non
691 1840 857 1925 baptimus
880 1861 982 1925 neque
1002 1844 1153 1909 ordinetis
1168 1845 1224 1908 aut

86 1947 230 2029 aliquem
265 1946 463 2013 reconciliare
496 1932 722 2029 praesumatis'.
767 1943 921 2010 Similiter
954 1962 1014 2010 nen
1048 1946 1223 2011 iurantibus

50 2050 154 2113 iuuit:
178 2042 263 2131 ‘quia
285 2066 415 2133 regnum
438 2050 485 2115 fili
507 2050 610 2116 domni
634 2050 731 2114 uestri
754 2064 815 2113 ucn
838 2049 963 2132 optetis,
986 2050 1100 2117 idcirce
1121 2050 1224 2116 iurare

90 2152 255 2230 noluistie3
287 2154 326 2217 cb
350 2171 442 2236 quam
466 2172 592 2219 causam
615 2153 693 2219 iussi
717 2154 792 2219 catis
813 2153 847 2217 ir
869 2152 1067 2219 corsicanam
1089 2153 1224 2219 insulam

89 2256 237 2337 relegari,
260 2260 297 2321 ut
319 2258 408 2341 ligna
430 2256 594 2340 profutura
617 2256 753 2323 nauibus
774 2256 941 2322 dominicis
962 2250 1123 2323 incidatis?

140 2374 194 2461 (V,
213 2378 243 2459 1)
270 2376 401 2443 Addidit
435 2378 541 2461 itaque
571 2378 673 2444 bestia
696 2376 762 2457 illa,
787 2379 969 2461 sanguinem
995 2378 1107 2444 sitiens
1137 2381 1275 2458 inne-21

93 2484 233 2561 centum,
258 2482 408 2564 episcopis
432 2483 564 2547 necdum
587 2481 688 2547 adhuc
710 2482 743 2545 in
767 2481 893 2547 exilium
924 2480 1049 2548 directis
1076 2498 1132 2565 per
1155 2482 1226 2547 uui-

56 2600 204 2650 uouerass
227 2582 395 2651 Africanae
425 2586 527 2650 terrae
549 2586 724 2667 prouincias
751 2599 813 2649 unc
836 2588 977 2668 tempere
999 2587 1131 2651 tertmes
1154 2601 1227 2649 cru·

94 2686 270 2753 deliasimcs
295 2688 461 2767 destinare,
486 2692 521 2752 ut
543 2690 630 2753 nulla
652 2687 853 2753 remansisset
876 2688 985 2753 domus
1007 2690 1039 2754 et
1060 2687 1155 2762 lucus,
1172 2687 1227 2753 ubi

94 2808 158 2856 non
180 2790 292 2857 lenisset
314 2790 451 2856 eiulatus
473 2794 504 2856 et
526 2792 640 2869 luctus,
662 2793 699 2857 ut
714 2790 794 2857 nulli
811 2792 917 2871 aetati,
943 2791 1029 2857 nulle
1051 2792 1228 2877 parceretur

96 2895 195 2973 sexui,
220 2896 282 2960 nisi
304 2894 379 2972 illis,
416 2896 469 2977 qui
492 2911 599 2960 cerum
621 2896 858 2961 succumberent
879 2892 1045 2961 uoluntati.
1090 2894 1156 2961 Hos
1178 2894 1228 2961 iu·

201 3103 217 3155 2
243 3100 294 3155 Mt.
312 3102 336 3167 5,
355 3101 397 3154 34.

153 3294 165 3346 1
186 3291 331 3346 noluerunt
353 3288 400 3345 Va¹
498 3288 609 3359 aperta
631 3290 677 3346 0¹⁸
775 3291 931 3345 4n0tarius
949 3288 1042 3347 13an
1134 3290 1230 3361 equis

100 3376 174 3447 quid]
195 3376 345 3446 quidquid
368 3376 399 3431 0¹
427 3374 486 3446 quis
504 3376 551 3445 qui
573 3376 606 3433 0¹
633 3377 694 3445 quis
712 3376 748 3430 M
843 3376 942 3431 dicaret
959 3374 1003 3431 uel
1021 3393 1082 3447 eye:
1100 3376 1231 3431 diceretur

102 3462 231 3519 BVOMu
257 3462 389 3517 diceretur
410 3466 439 3517 et
461 3460 501 3517 W
522 3462 622 3517 diceret
640 3478 659 3517 α
686 3462 787 3519 diceret
803 3466 831 3517 ct
853 3462 904 3533 Ld
1006 3462 1024 3517 6
1046 3466 1078 3516 ut
1096 3461 1128 3517 de
1151 3462 1233 3518 BVO

102 3552 131 3604 et
143 3549 174 3603 dc
187 3548 245 3603 rell.
342 3548 465 3619 minime]
478 3564 530 3603 neu
548 3550 566 3621 β
663 3550 802 3618 statinquc
817 3547 856 3605 W
952 3550 1060 3618 equae]
1073 3564 1126 3617 qua
1138 3549 1166 3604 P

103 3635 240 3705 delebetur
262 3636 288 3689 V
388 3632 420 3691 11
449 3635 559 3706 religati
580 3635 621 3692 W
720 3635 837 3690 colunias
860 3637 877 3704 β
982 3634 1122 3690 ccleudam
1145 3652 1165 3689 a

103 3736 199 3790 agrum
217 3724 258 3792 ull
362 3723 500 3792 accipietis
519 3724 535 3793 β
640 3723 673 3777 12
696 3722 822 3791 spellatis
844 3723 876 3778 0¹
982 3722 1059 3776 181ιι
1078 3738 1128 3776 cm.
1147 3724 1164 3792 β

105 3808 218 3878 gabatis
242 3825 261 3863 u
365 3810 421 3878 sut]
446 3826 494 3865 nec
518 3810 553 3864 Μ
663 3808 696 3862 14
723 3808 892 3865 reconciliare
919 3809 955 3864 W
1058 3810 1233 3878 premetis

106 3894 142 3949 Ρ1
247 3896 281 3949 15
298 3895 338 3950 fili
358 3896 425 3950 ΒΨ
452 3896 503 3951 filii
526 3897 586 3951 rell.
690 3894 781 3949 domni
805 3895 875 3950 BW
900 3894 1003 3949 domini
1024 3895 1084 3949 ccli.
1188 3910 1233 3964 op·

105 3981 184 4033 tastis
212 3984 236 4035 ι1
360 3983 392 4037 16
419 3984 519 4039 corsica
548 3984 587 4039 W
709 3982 742 4036 17
772 3980 889 4050 relegans
919 3981 956 4036 7¹
991 3980 1100 4049 religari
1132 3980 1167 4035 W

107 4066 221 4121 dominia
244 4069 261 4138 β
367 4069 398 4123 lt
426 4068 513 4123 exiliis
540 4071 557 4141 β
660 4068 794 4123 uniuersis
819 4067 900 4123 Βιίι
1002 4066 1038 4120 20
1061 4070 1148 4121 terrae
1168 4067 1235 4123 airi-

107 4168 184 4209 muaa
209 4154 246 4207 W
346 4154 380 4209 22
406 4156 527 4211 ululatus
550 4158 567 4225 β
668 4155 744 4209 nullo
762 4155 848 4208 aetati
868 4151 984 4207 Νῶε*
1088 4154 1157 4209 nulli
1174 4170 1235 4223 par·

108 4240 210 4295 ceretur
236 4241 355 4299 WMeL
458 4242 492 4297 tt
518 4242 580 4297 illos
606 4242 686 4299 Bru*
721 4241 766 4295 illi
790 4241 864 4295 Oa
879 4254 950 4295 cerr.
1053 4240 1236 4295 succumberet

166 4430 227 4486 VIL
1125 4428 1142 4482 6
