2992 4967
478 307 711 377 Epistularum
729 307 819 363 liber
836 307 860 364 1.
1212 309 1230 372 7

99 498 274 582 perniciem
297 517 399 564 meam
420 499 580 566 fallacinm
603 499 785 566 nuntiorum
806 499 961 565 diabolica
975 518 1047 565 cum
1061 499 1229 565 securitate

100 604 180 667 nota
202 603 410 682 mentiantur,
442 603 560 669 utnon
582 602 624 668 sit
646 605 683 669 ad
706 603 794 669 cuins
815 604 984 669 ueritatem
1011 605 1082 685 post
1107 602 1231 668 fabulas

99 705 230 770 redeam
254 723 311 770 nec
332 704 387 787 qui
408 707 548 770 animum
571 723 677 771 meum
699 706 766 771 neri
788 705 1052 772 demonstratione
1067 705 1228 771 sustentet.

100 825 181 872 caue
204 806 293 888 luris,
316 809 361 873 mi
384 807 521 873 domine:
545 807 705 873 uobiscum
729 808 807 873 mibi
828 810 891 875 slis
912 826 962 873 res
980 809 1045 874 est:
1069 807 1154 873 aliud
1169 807 1231 872 fori

74 911 172 990 sius,
202 910 288 976 alind
318 910 458 976 triclinii.
497 911 605 977 audiat
633 913 664 975 te
686 929 765 994 quae
795 911 827 976 in
849 912 1082 978 conuersatione
1102 909 1229 993 publica

100 1001 248 1079 didiceris
271 1012 393 1080 familia
408 1013 576 1079 domestica
590 1014 801 1078 retexentem:
824 1013 1035 1080 subiectorum
1057 1015 1176 1080 animos
1198 1014 1232 1079 ot

99 1115 214 1183 fideles
235 1116 272 1180 ut
293 1117 411 1200 putatis
433 1117 553 1182 mentes
576 1116 762 1182 relationum
785 1117 961 1181 uestrarum
985 1114 1062 1181 cibis
1083 1115 1169 1193 ulite,
1192 1135 1230 1180 ne

99 1221 211 1285 ieiuna
233 1219 404 1284 amicorum
427 1219 520 1286 corda
541 1219 658 1286 talibus
680 1218 808 1284 ferculis
830 1219 955 1300 inpacta
976 1218 1157 1284 moriantur.

630 1407 708 1474 1111.

60 1566 89 1606 ιο
491 1545 629 1600 severo
652 1543 845 1599 ennomus.

146 1666 354 1749 Anugnostici
376 1666 469 1733 fidem
499 1668 623 1734 secutus
645 1667 677 1732 et
698 1669 815 1734 suadae
830 1664 979 1733 orationis
994 1685 1101 1749 sapore
1116 1683 1229 1748 prouo-

100 1773 203 1853 catus,
215 1789 293 1853 pene
301 1770 417 1836 uitium
426 1787 491 1834 esse
503 1768 621 1836 credidi
635 1786 702 1835 rem
708 1767 836 1835 uirtutis
847 1770 880 1834 st
888 1767 1041 1853 dnmplns
1051 1785 1230 1834 sermonum

101 1873 284 1940 diademata
298 1873 388 1940 credo
402 1871 505 1938 ualere
520 1890 614 1955 quam
630 1873 863 1952 annectentem,
886 1871 1009 1956 eulpam
1031 1889 1124 1956 quarn
1141 1889 1230 1938 mens

101 1974 375 2061 nonagnoscebat
396 1975 524 2042 incurri.
548 1993 609 2041 non
624 1977 670 2041 sic
684 1977 785 2044 caruis
807 1975 899 2044 sibile
921 1974 1095 2042 artificibus
1108 1973 1231 2042 insidiis

63 2079 236 2144 neblundus
259 2080 385 2144 uenator
403 2080 528 2158 inludit,
550 2097 610 2146 non
632 2081 680 2145 ita
700 2081 865 2163 pinnarum
878 2080 1014 2145 mentita
1028 2076 1227 2145 formidinem

103 2180 307 2248 discoloribus
329 2181 410 2248 fucis
431 2185 514 2248 ultro
538 2182 709 2265 expetenda
735 2182 817 2248 retia
836 2199 948 2248 munus
978 2182 1130 2262 magistre
1158 2197 1231 2246 con·

101 2283 207 2366 ponit,
246 2285 510 2366 quemadmodum
547 2304 597 2351 me
633 2287 759 2368 ceptum
793 2288 826 2351 et
857 2290 966 2368 sponte
999 2284 1143 2366 capistris
1175 2300 1229 2348 ora

101 2387 312 2470 porrigentem
334 2388 560 2472 magnitudinis
582 2389 704 2454 uestrae
726 2391 853 2453 tenuere
875 2403 1041 2454 sermones.
1071 2385 1228 2452 commissi

101 2489 223 2554 nescius
239 2489 328 2556 nobis
342 2489 589 2575 inpugnantibus
602 2490 656 2557 diu
671 2493 778 2558 utrum
793 2509 892 2557 essem
906 2491 1053 2557 innocens
1067 2487 1227 2574 inquisiui.

60 2593 189 2658 aesbud
224 2593 399 2660 sentiebam
432 2595 472 2661 de
494 2594 630 2678 epistula
651 2597 771 2672 nestra,
800 2593 885 2659 aliud
907 2595 945 2659 de
965 2593 1122 2677 proposito
1145 2609 1226 2659 meo.

101 2695 172 2778 quis
195 2713 271 2779 rogo
299 2695 362 2762 fuit
383 2697 525 2779 patrandi
554 2697 679 2764 sceleris
707 2697 774 2762 tam
796 2697 947 2761 uenustus
979 2696 1144 2776 admissor,
1175 2695 1228 2778 qui

100 2798 322 2884 purgationem
356 2799 511 2880 crederet,
543 2799 570 2866 si
604 2800 704 2865 alieno
739 2817 772 2866 se
798 2798 949 2864 fateretur
976 2800 1139 2882 praecepto
1171 2814 1227 2862 suo

155 3057 169 3108 1
197 3053 338 3123 pernitiem
369 3054 405 3119 1¹3
431 3053 596 3126 sydubamm
622 3055 646 3110 ei
674 3061 699 3110 cl
724 3055 748 3109 ti
771 3054 987 3123 mutationes
1011 3055 1044 3108 tes
1070 3054 1228 3110 bisoodicr'·

99 3140 655 3210 bssssons'csrspsestcsgausfetL
677 3141 729 3196 sols·
750 3139 1229 3198 &emmeramensem

99 3225 440 3282 uidebutsrsonaomi
541 3225 721 3282 fanniana
827 3225 1017 3284 smnus
1118 3225 1230 3282 laliud

100 3310 154 3366 lori
165 3311 208 3366 ins
220 3310 295 3366 aliud
307 3312 332 3376 b,
350 3313 404 3368 alia
415 3311 470 3368 fori
481 3313 523 3366 uis
535 3313 588 3380 (ius
599 3313 665 3380 BL)
678 3312 732 3368 ulia
745 3310 882 3367 BLPTV
967 3313 984 3366 5
996 3312 1112 3368 triclinis
1123 3311 1161 3366 Β*

99 3397 331 3482 conuersationern
348 3399 375 3452 Β
478 3400 495 3454 8
512 3397 681 3469 inps-uscha
698 3398 726 3453 Β
743 3402 787 3452 sta
804 3413 874 3453 eros.

153 3516 221 3572 1111.
249 3518 280 3574 11
300 3518 468 3589 ansgnostici
480 3518 571 3585 sarm,
590 3517 756 3588 anagnistiei
768 3516 910 3583 BLPTV,
926 3517 1005 3572 amici
1022 3518 1046 3582 b,
1064 3519 1228 3588 anagnostae

98 3603 146 3658 uel
168 3603 316 3658 mumuisti
338 3606 408 3660 coci
428 3604 555 3660 Solsottss
572 3604 604 3658 s‘c
620 3620 669 3676 mg.
774 3603 856 3660 suade
873 3602 914 3670 Β,
941 3617 1040 3658 suanae
1056 3602 1119 3666 LV,
1148 3617 1229 3658 snaue

99 3688 175 3755 Pil,
194 3690 271 3744 suani
291 3690 343 3745 Pb
441 3691 558 3746 orationi
578 3689 604 3745 P
704 3688 883 3758 lapsanas
979 3703 1036 3742 esse
1052 3685 1153 3742 credidi
1170 3703 1227 3743 rem

98 3774 140 3838 Β,
170 3789 226 3830 asse
248 3774 407 3830 crediderim
430 3775 525 3842 LYl,
554 3773 710 3830 crediderim
727 3791 785 3830 esse
803 3775 863 3841 Pb,
889 3773 990 3830 credidi
1008 3790 1064 3829 rem
1081 3789 1138 3829 asse
1154 3777 1228 3835 cosi.

100 3859 184 3918 Sim.
288 3861 322 3916 14
347 3861 435 3932 sibylo
463 3861 522 3917 LV
621 3861 653 3917 15
680 3861 776 3916 illudit
805 3860 830 3916 T
853 3866 880 3916 et
900 3862 940 3917 ste
953 3861 1114 3932 pimus
1137 3861 1229 3931 llpro

98 3946 128 4000 nl
216 3945 359 4002 tormidine
377 3945 435 4024 Pb
518 3947 552 4002 lt
568 3963 663 4002 manus
681 3961 732 4002 osa
751 3947 780 4002 Β
873 3945 1005 4018 maffltra
1021 3947 1161 4003 manuel*

100 4071 230 4138 conponat
247 4068 276 4122 Β
349 4065 407 4122 ν17
426 4034 570 4137 capisisl’
667 4069 699 4126 19
716 4069 794 4125 nobis
811 4085 861 4124 om.
881 4067 908 4123 Β
1004 4067 1228 4139 impugnantibus

100 4151 254 4294 ἕξω
291 4153 325 4207 20
351 4153 466 4223 epistola
493 4153 573 4212 LTV
683 4155 715 4210 21
744 4157 873 4209 uenustus
898 4169 951 4274 scr.
980 4153 1075 4220 Sires„
1104 4155 1228 4211 uetustus
