2992 4967
469 323 704 393 Epistularum
722 325 810 379 liber
828 325 865 380 11.
1184 329 1227 396 39

106 513 172 578 sius
194 515 283 580 obitu
317 515 456 580 lamenta
491 513 662 597 coniungit,
696 514 770 596 qnia
790 516 857 580 eins
889 514 1064 596 promisione
1095 515 1227 600 contigit

103 619 259 680 recentem
281 615 418 681 dolorem
440 617 605 695 ostentare,
639 618 713 682 dum
735 616 884 698 loquitur,
915 617 948 681 et
970 615 1043 681 anto
1065 617 1225 699 legentum

102 719 208 784 oculos
242 737 362 802 semper
395 719 549 784 eralantia
581 718 729 802 spiritum
750 719 814 783 iam
837 719 892 783 diu
913 718 1053 784 defuncti
1083 717 1227 784 membre

103 823 278 888 monstrare
300 839 525 904 necunquam
546 820 612 904 pati
634 825 822 886 ueteresoere
855 821 1017 888 relationis
1039 822 1100 887 fide
1121 822 1223 898 funus,

77 925 187 1006 equod
210 924 285 988 anni
308 925 474 1007 potuerunt
507 925 638 1006 sepelire
662 924 824 989 transacti.
848 924 897 989 his
919 925 964 989 ita
985 944 1018 988 se
1039 924 1226 989 habentibus

103 1028 263 1094 oculorum
285 1028 415 1094 flumina
437 1028 560 1094 refrena
583 1033 613 1092 at
634 1031 784 1107 animum,
807 1030 835 1092 si
857 1029 970 1111 placet,
991 1029 1032 1094 ad
1052 1032 1117 1094 eius
1131 1030 1227 1094 uerba

101 1135 257 1204 conuerte.
282 1133 334 1214 qni
357 1132 414 1198 tihi
436 1132 512 1196 flens
534 1132 708 1198 consolator
730 1133 875 1198 occurrit.
905 1133 1047 1199 amisisse
1070 1131 1224 1198 refilium

101 1251 180 1314 pene
202 1237 328 1300 unicum
350 1239 381 1298 et
404 1234 500 1300 honae
523 1235 645 1309 indolis,
669 1236 750 1317 quod
772 1236 873 1316 patria
894 1253 954 1300 non
977 1235 1080 1300 minus
1095 1233 1226 1317 requirit

99 1335 235 1413 affectio,
268 1335 446 1419 prouinciae
468 1338 606 1402 ululatus
628 1337 773 1415 ostendit,
800 1355 871 1402 cnm
893 1339 932 1402 ad
954 1337 1105 1402 solacium
1125 1335 1226 1420 gemi-

63 1461 91 1499 ιο
99 1441 194 1504 tunm
215 1445 342 1505 tuorum
366 1459 435 1506 suos
458 1442 587 1524 iungens
620 1440 695 1523 qnid
717 1440 756 1506 de
777 1458 812 1504 eo
834 1440 967 1506 senserit
997 1442 1133 1505 testatur
1155 1441 1225 1505 uni·

98 1545 246 1610 narsitas.
268 1547 432 1610 tutamen
454 1547 537 1609 inter
559 1546 621 1608 ista
643 1544 733 1626 quasi
755 1543 898 1625 specialis
920 1542 997 1607 mali
1012 1560 1136 1624 pressus
1151 1561 1226 1606 neco

98 1647 307 1722 concluderis,
316 1648 456 1712 nesciens
466 1647 701 1728 temperandum
714 1647 795 1728 quod
804 1649 1038 1730 permultorum
1051 1645 1225 1726 dispersum

98 1750 197 1814 corda
219 1768 382 1815 commune
404 1756 458 1815 est.
483 1769 577 1832 quare
601 1767 673 1832 ergo
694 1752 850 1832 propriam
868 1749 1014 1815 aestimes
1035 1747 1225 1813 anxietatem

97 1869 195 1934 quarn
218 1870 307 1917 suam
329 1871 383 1935 per
405 1853 550 1918 affectum
573 1859 663 1918 tunm
691 1853 789 1918 fecere
812 1851 1078 1934 quamplurimi?
1110 1852 1223 1928 boum,

62 1973 89 2013 15
98 1959 135 2020 ut
157 1956 196 2020 de
220 1957 351 2038 cognata
384 1957 476 2038 gente
504 1959 637 2032 taceam,
673 1953 793 2020 Gothus
816 1955 983 2037 adfligitur,
1013 1957 1046 2018 et
1068 1955 1105 2018 tu
1127 1954 1226 2018 adhuc

97 2179 223 2244 quaeso,
247 2165 389 2225 ueterum
412 2163 593 2226 ornamenta
615 2163 770 2226 maiorum
793 2163 860 2226 eta
881 2161 1029 2226 maeroris
1051 2161 1091 2225 ad
1113 2162 1224 2226 bonam

96 2264 305 2330 ualitudinem
340 2266 512 2329 intentione
545 2266 722 2329 restituant.
767 2265 929 2330 Abraham
962 2265 1091 2328 unicum
1123 2262 1224 2328 filium

97 2367 195 2432 morti
217 2368 306 2450 quasi
328 2367 396 2448 pius
418 2371 514 2448 pater,
538 2368 618 2448 quod
640 2369 740 2432 mains
762 2370 820 2448 est
845 2368 945 2432 laetus
968 2366 1107 2431 exhibuit
1129 2369 1162 2430 at
1183 2367 1223 2429 ad

62 2488 207 2534 mnecem
228 2469 287 2534 filii
308 2487 487 2534 mucronem
510 2473 631 2553 genitor
652 2470 825 2534 misericors
841 2469 1046 2552 praeparauit.
1068 2470 1105 2533 tn
1120 2470 1223 2533 trans·

96 2573 200 2637 latum
233 2571 360 2638 caelesti
392 2572 507 2637 iudicio
540 2573 629 2654 qnasi
662 2573 787 2638 orbatus
821 2572 950 2653 inquiris
984 2574 1016 2636 et
1043 2590 1135 2652 quem
1162 2587 1222 2635 non

97 2675 253 2740 obtulisse
286 2676 484 2758 saerilegium
513 2676 574 2741 fuit
597 2676 678 2740 hunc
699 2695 808 2741 oneras
837 2675 960 2740 fletibus
982 2677 1155 2738 euocatum.
1192 2675 1224 2737 in
1308 2751 1313 2762 .

97 2797 161 2862 qua
191 2797 284 2843 causa
306 2778 490 2843 Dauidieum
525 2779 582 2843 tibi
605 2780 746 2844 occurret
778 2779 962 2860 exemplum,
995 2776 1048 2858 qui
1076 2776 1225 2840 feretrum

96 2882 156 2946 tilii
184 2897 279 2946 ouans
302 2884 334 2945 et
357 2883 413 2945 dec
446 2881 580 2947 referens
613 2883 731 2963 gratias
763 2881 938 2955 antecessit,
972 2882 1053 2961 quod
1086 2878 1224 2959 dignatio

62 3001 87 3042 2⁵
97 3003 234 3066 superna
261 2985 298 3048 de
320 2985 489 3049 uenerandi
521 2984 687 3066 prophetae
720 2985 836 3050 semine
865 3002 956 3066 quem
979 2983 1057 3047 torte
1082 3000 1223 3047 munera·

150 3189 165 3240 1
185 3185 393 3255 opitulaimenta
410 3185 438 3239 Β
531 3185 676 3254 coniunget
693 3185 721 3238 Β
817 3186 834 3238 2
852 3189 981 3239 recentem
993 3185 1111 3254 contigit
1131 3186 1157 3240 T

96 3271 247 3342 legentium
265 3271 335 3325 Pet
353 3271 436 3325 Siros.
541 3271 558 3324 4
576 3287 694 3338 nuquam
715 3273 740 3326 Τ
838 3271 997 3325 noteriscaro
1015 3270 1042 3324 B
1139 3268 1223 3323 funiis

98 3359 134 3412 T·
239 3355 254 3407 7
282 3355 339 3424 qui]
369 3355 433 3423 qnia
457 3356 485 3409 Β
588 3355 724 3410 emississc
746 3356 773 3410 V
871 3357 888 3409 8
914 3355 1014 3410 indoles
1040 3355 1068 3409 Β
1170 3370 1223 3407 non

96 3477 186 3530 minus
205 3474 297 3540 Sirim,
323 3491 375 3528 non
393 3475 475 3528 nimis
491 3475 577 3542 BTV,
604 3441 722 3529 {diffidis
739 3475 774 3541 L,
801 3477 917 3530 nominis
935 3475 963 3529 P
985 3474 1020 3542 (is
1038 3474 1121 3539 corr.)
1139 3471 1155 3525 b

96 3561 215 3630 requiret
231 3561 259 3614 Β
354 3560 534 3630 9prouintias
550 3559 575 3613 V
669 3563 702 3614 10
719 3561 832 3615 senserit
850 3561 890 3627 Β,
916 3559 1031 3614 censerit
1049 3559 1079 3617 b,
1105 3561 1223 3610 censerat

98 3646 208 3702 LPTV
291 3645 362 3713 neco]
381 3661 457 3700 onere
473 3645 538 3710 fort.
626 3645 659 3699 12
678 3647 757 3700 corda
775 3647 923 3716 dispersum
942 3645 968 3698 Τ
1051 3643 1084 3696 13
1101 3641 1222 3696 aestimis

97 3767 124 3820 n
229 3765 264 3820 14
280 3738 364 3850 risere
387 3765 415 3820 B
516 3767 550 3821 15
574 3769 653 3836 goes
677 3766 815 3822 aanor
913 3763 1047 3832 affligitur
1065 3762 1154 3827 nnn
1182 3762 1221 3816 rr-

97 3870 187 3923 ficitur
207 3867 233 3920 T
329 3869 361 3922 16
378 3869 505 3939 aestibus]
525 3868 648 3924 hostibus
670 3870 695 3923 T
791 3870 942 3922 instruente
955 3869 993 3933 (to
1005 3868 1068 3931 om.)
1086 3865 1155 3920 B¹L

96 3955 129 4008 11
141 3953 274 4008 maiorum
288 3970 362 4023 susp.
376 3955 490 4010 uidetur
575 3955 684 4008 meroris
697 3956 757 4021 PT,
774 3956 901 4008 moeroris
912 3950 1003 4018 nvo>
1090 3951 1123 4006 19
1135 3952 1221 4020 quasi]

95 4040 219 4109 quamuis
237 4040 302 4105 sort.
406 4039 509 4094 exibuit
527 4040 609 4095 BLV
710 4041 743 4093 21
762 4039 881 4108 inquires
899 4038 927 4091 Β
1027 4037 1062 4090 22
1078 4036 1220 4091 obtnilissa

94 4143 131 4196 m
218 4129 313 4198 sumai
328 4141 353 4197 n
368 4127 493 4198 iuss.
590 4144 624 4198 se
637 4143 783 4198 danitioum
795 4141 934 4196 131:an
1023 4139 1153 4195 menn

94 4230 154 4284 deuo
172 4229 200 4284 L
218 4243 232 4282 e
248 4229 314 4296 sort.
333 4243 401 4284 orca
505 4229 570 4298 quid
588 4229 626 4282 Β1
731 4229 766 4282 25
783 4227 900 4296 profetae
918 4226 952 4291 L,
979 4225 1082 4293 profete
1098 4226 1125 4278 Β
