2992 4967
271 326 322 376 ΧΠ

269 498 360 560 roret
401 492 508 562 l‘ltam
535 492 653 557 adhaec
675 492 719 558 B.
741 489 927 575 Bpmlanii
952 490 1106 556 dimidiae
1131 492 1273 573 amplias
1289 494 1402 575 puetis

270 598 445 663 accessione
472 595 700 678 locupletiorem
727 594 852 678 domne,
879 598 915 658 nt
936 613 1023 658 nnnc
1052 593 1177 658 mam
1204 595 1290 677 typis
1310 596 1400 661 edita

268 700 376 767 nideri
404 704 506 783 oneat.
541 700 768 784 praefationem
797 703 944 765 secuntur
970 696 1129 780 Epistolae
1158 698 1192 762 in
1215 698 1278 764 XII
1300 698 1398 765 libros

270 804 409 889 digestae
424 821 455 887 p.
473 802 609 881 1-310,
632 800 781 867 Eneoodii
802 820 824 864 a
844 800 949 865 morlo
970 804 1077 865 notem
1095 803 1126 866 et
1138 802 1288 865 narratio
1309 801 1399 866 mitae

272 912 326 991 (=
342 906 456 992 Opusc.
473 906 513 989 V)
536 926 566 989 p.
583 905 763 984 all-319,
786 904 861 971 Vita
883 903 1051 987 Epiphanii
1071 922 1101 986 p.
1118 904 1297 985 eal-378,
1320 904 1398 970 Vita

269 1010 399 1076 Antonii
421 1030 451 1095 p.
476 1008 663 1094 ets-391,
691 1005 904 1093 Panegyricus
934 1006 1178 1073 clementissimo
1205 1009 1273 1089 regi
1296 1008 1396 1074 Thec-

268 1114 372 1181 doricu
394 1132 424 1199 p.
448 1113 633 1193 sss-419,
668 1112 832 1179 Orationes
862 1115 893 1177 at
921 1111 1171 1177 Declamationes
1193 1110 1299 1190 XXX,
1333 1130 1397 1194 quo

269 1217 395 1285 nomine
428 1218 550 1301 reliqua
583 1218 699 1282 maiora
734 1234 828 1299 opera
864 1215 1157 1300 conprehendantur
1189 1216 1256 1281 420
1269 1216 1396 1299 -507,

267 1321 488 1405 Apologeticus
516 1339 571 1404 pro
600 1318 717 1405 synodo
741 1324 795 1403 (=
811 1316 924 1401 Opusc.
947 1318 994 1401 Ii)
1019 1338 1048 1402 p.
1070 1318 1251 1398 508-553,
1281 1319 1395 1385 Decla-

144 1478 147 1485 .
267 1424 365 1490 matio
389 1423 445 1507 (=
461 1424 543 1491 Dici.
559 1422 665 1504 XXII)
689 1441 720 1505 p.
736 1420 916 1499 ass-557,
939 1424 1094 1506 postremo
1111 1440 1149 1487 ea
1169 1422 1237 1487 loco
1259 1422 1394 1499 adiecta,

268 1526 352 1609 qnod
373 1528 476 1593 seriem
497 1525 571 1591 leaeo
593 1523 740 1590 Ennodii
762 1523 949 1589 declamatio
968 1523 1007 1588 in
1028 1542 1143 1589 manns
1166 1524 1327 1590 inciderit.
1359 1526 1395 1591 in

268 1628 353 1696 calce
372 1629 558 1695 Notationes
577 1628 701 1695 additae
724 1629 807 1693 sunt.
831 1627 978 1693 Carmina
991 1627 1123 1693 ennodi
1137 1626 1286 1709 peculiari
1301 1626 1395 1693 uolu-

266 1733 350 1798 mine
373 1734 467 1799 antea
490 1731 574 1797 edita
596 1750 671 1810 esse,
695 1750 730 1796 er
753 1730 886 1813 epistula
908 1730 947 1795 ad
969 1729 1008 1797 V.
1033 1726 1090 1795 CL.
1109 1732 1183 1797 Ant
1206 1729 1394 1798 Salmatium

266 1835 390 1920 collegii
413 1834 614 1902 Ambrosiani
636 1834 808 1900 Mediolani
836 1833 994 1898 doctorem
1016 1834 1197 1918 theologum
1218 1832 1396 1917 praemissa

266 1938 399 2004 Tornaoi
421 1937 610 2005 Neruiorum
628 1936 701 2003 Kal.
717 1936 853 2020 Augusti
869 1952 1028 2004 crassen
1043 1939 1116 2003 data
1129 1939 1267 2019 apparet
1290 1938 1394 2003 salse·

265 2045 402 2123 pnentnr
418 2042 472 2125 (so.
489 2040 651 2124 carmina),
674 2040 719 2107 ibi
734 2040 846 2125 inquit,
864 2039 1056 2121 propediem,
1078 2038 1146 2104 Deo
1159 2040 1232 2105 bene
1248 2042 1393 2120 tonante,

265 2142 413 2209 Ennodii
434 2144 575 2226 calipto:
595 2141 772 2225 Epistulae,
799 2141 973 2221 Orationes,
1002 2140 1262 2221 Declamationes,
1283 2148 1312 2208 et
1326 2164 1394 2225 pro

265 2246 391 2331 Synodo
405 2246 498 2313 IIII.
532 2248 678 2313 Munna
699 2246 757 2311 snb
772 2244 959 2329 mamam
972 2244 1198 2327 Apolopetines.
1228 2247 1263 2311 in
1285 2265 1391 2313 exem·

265 2349 407 2435 pleribus
446 2368 524 2433 quae
560 2348 627 2415 uidi
660 2367 733 2415 oum
766 2350 896 2432 reliquis
930 2348 1085 2432 opusculis
1118 2349 1283 2416 coniuncta
1315 2354 1393 2416 sunt

265 2458 297 2520 et
318 2452 448 2537 paginas
471 2454 512 2519 ts
535 2452 700 2536 complent.
734 2453 882 2519 secuntur
907 2452 1019 2517 deinde
1046 2452 1128 2518 loliis
1149 2472 1211 2518 non
1231 2454 1391 2538 paginatis

264 2556 309 2621 In
329 2554 477 2621 Eisnodii
496 2560 642 2639 poeniata
668 2556 854 2622 Notationes
881 2558 914 2622 et
936 2555 1059 2623 Indices
1086 2555 1124 2622 ad
1145 2559 1312 2640 utrumque
1334 2574 1392 2621 uo·

266 2661 372 2725 lumen
394 2660 593 2743 pertinentes.

306 2779 355 2846 Ne
389 2780 497 2846 fallaci
528 2780 583 2847 illo
618 2780 731 2864 plurali
764 2779 958 2845 memoresne
989 2779 1022 2845 in
1053 2799 1187 2847 errorem
1221 2781 1390 2865 inducaris,

265 2881 393 2949 Schotto
415 2902 495 2948 unus
521 2884 645 2949 tantum
667 2884 762 2949 codex
784 2883 818 2947 in
839 2882 970 2948 Morinis
992 2881 1049 2948 ille
1070 2884 1237 2968 Belgarum
1266 2883 1391 2951 ultimis

264 2989 414 3067 repertus,
437 2986 520 3051 idem
544 3005 635 3069 quem
658 2985 849 3052 Basilesnses
878 2988 1105 3070 usurpauerant
1127 2992 1220 3070 atque
1244 2987 1334 3053 hodic
1355 2990 1390 3053 in

266 3085 453 3153 bibliotheca
476 3087 668 3153 Bruxellensi
691 3092 879 3167 asseramur,
902 3094 1024 3173 praesto
1040 3090 1110 3168 luit,
1135 3091 1222 3157 cuius
1237 3090 1270 3155 in
1287 3090 1390 3156 fronte

267 3189 388 3255 Schotti
409 3209 506 3255 manu
527 3189 603 3254 haec
626 3189 742 3272 scripta
764 3190 929 3275 leguntur:
953 3190 1083 3258 (tantali
1103 3192 1187 3258 luno
1201 3192 1391 3258 Eitnodinm

267 3291 463 3357 lirinensem
485 3292 630 3373 episcopii
651 3292 696 3358 ad
709 3292 876 3359 editionem
891 3294 1085 3361 Gennonicd
1106 3296 1191 3360 inter
1204 3295 1390 3361 orthodoxo·

262 3393 400 3478 praplos
422 3414 538 3478 mapno
561 3414 673 3477 operae
688 3396 807 3480 precio,
836 3418 907 3464 cnm
928 3402 959 3463 et
978 3399 1186 3481 quaternione
1203 3400 1330 3483 intepml
1351 3401 1390 3465 in

262 3498 342 3563 edito
371 3498 547 3563 mddauoi
576 3500 830 3567 claennaneeim:
860 3503 1008 3567 cormina
1034 3502 1145 3567 omnia
1170 3504 1304 3568 traiecto
1325 3522 1390 3569 esse

261 3604 416 3683 totumque
438 3602 514 3669 odeo
535 3623 613 3686 opns
634 3605 750 3670 nitiose
771 3626 918 3672 econsnm
933 3606 1127 3688 deprehendi.
1153 3606 1265 3673 Honos
1281 3608 1389 3689 itaque

261 3702 423 3769 ludendos
444 3706 571 3787 cernetis
593 3706 684 3772 libris
699 3712 728 3774 et
743 3710 856 3775 amicis
868 3712 977 3795 pratia
992 3711 1047 3792 qni
1061 3711 1211 3776 mom
1225 3711 1387 3792 dedam,

260 3810 290 3870 et
311 3826 397 3872 nnnc
420 3810 559 3875 restituo.
589 3812 738 3877 Andreas
760 3811 902 3878 Schottns
923 3814 1167 3896 Antncopianns
1187 3814 1225 3881 de
1245 3815 1388 3879 moictate

261 3908 345 3975 Ins
349 3909 385 3975 V.
409 3916 503 3977 1607.
527 3914 620 3996 atque
635 3915 719 3997 apud
734 3915 870 3982 alterurn
893 3917 1044 3982 editorem
1066 3917 1122 3982 ille
1137 3917 1243 3984 eadem
1259 3919 1388 3984 fortuna

261 4030 336 4078 usus
359 4014 415 4079 est.
448 4015 530 4098 quod
553 4018 635 4082 enim
657 4017 691 4081 in
713 4020 780 4083 uiro
803 4020 879 4085 satis
901 4019 1000 4099 docto,
1024 4020 1077 4103 qni
1100 4022 1256 4087 inscitiam
1278 4022 1387 4104 negle-

260 4117 457 4201 gentiamque
479 4119 720 4195 Basileensium,
756 4122 876 4205 antiqui
904 4121 978 4188 libri
1004 4124 1231 4207 praestantiam
1256 4126 1387 4211 integri·

260 4222 419 4303 talemque
449 4224 605 4307 cognitam
636 4222 789 4302 habuerit,
819 4225 963 4309 explicari
990 4228 1042 4292 uir
1074 4230 1186 4312 potest,
1223 4229 1328 4294 euenit
1350 4229 1387 4295 ut
