2992 4967
460 334 697 406 Epistularum
716 334 806 391 liber
823 336 856 390 V.
1162 340 1225 407 129

92 526 251 610 spiritales
273 527 408 592 medicos
431 525 471 592 ad
494 527 614 591 statum
637 525 781 591 indultae
806 525 991 592 ualitudinis
1021 527 1123 592 redire
1150 547 1223 595 con-

91 628 198 711 pellit.
224 645 302 712 quae
324 630 366 693 sit
384 628 483 694 inme
505 628 682 695 substantia
703 629 927 706 membrorum,
949 629 1113 713 religiosae
1133 632 1224 697 eolli-

92 731 246 798 citudinis
268 731 513 811 inuestigaticne
528 731 719 816 perquilitis
743 750 874 816 querum
888 733 991 799 statue
1006 733 1129 798 animae
1150 753 1223 816 pnr-

89 840 160 900 tem
183 834 351 919 neglegens
374 836 440 900 tcto
462 834 573 901 mundi
593 834 686 900 istius
708 837 862 918 grauem
881 835 1026 918 imperio.
1048 836 1135 920 agite
1157 855 1224 903 ert·

67 937 179 1004 stione
203 957 253 1004 mc
275 940 373 1005 talem
395 938 471 1018 fieri,
495 938 620 1022 qualem
642 938 789 1005 adseritis
808 938 1039 1018 blandimentis
1063 940 1137 1023 quie
1157 940 1224 1005 inci

88 1043 199 1108 nescia
228 1042 379 1125 propositi
407 1044 503 1107 uestri
531 1041 685 1108 claritudo
714 1061 808 1125 quem
836 1044 951 1109 benum
974 1062 1041 1107 esse
1063 1042 1225 1125 praedicat

88 1149 166 1211 ente
182 1146 306 1228 tempus
321 1145 515 1211 innocentiae
532 1144 697 1211 adnuntiet
711 1162 783 1210 mox
798 1146 949 1212 futurum.
974 1145 1126 1213 iratribus
1142 1147 1222 1211 meis

88 1254 124 1314 et
148 1248 322 1326 conseruis,
351 1268 428 1332 ques
450 1248 619 1323 direxistis,
651 1252 806 1333 qnantum
827 1249 971 1315 exhibere
994 1248 1103 1316 solacii
1130 1250 1222 1331 potui

87 1352 165 1417 note
186 1352 289 1435 potius
306 1370 399 1434 quam
415 1371 448 1417 re
464 1351 591 1416 idonens
606 1370 666 1419 non
681 1352 806 1436 negaui.
823 1355 963 1435 superest
978 1353 1015 1416 ut
1031 1352 1222 1435 accipientes

54 1478 77 1517 ιο
87 1453 243 1537 obsequia
266 1472 337 1519 mea
351 1472 422 1521 cnm
437 1455 583 1521 uniuerso
599 1454 650 1519 cni
664 1455 817 1537 praeestis
835 1455 966 1521 concide
982 1474 1038 1537 per
1053 1456 1104 1521 dei
1118 1454 1220 1521 emni-

86 1558 229 1641 petentie
245 1558 488 1623 misericerdiam
504 1556 659 1623 coniurati
675 1556 731 1624 dec
750 1576 805 1641 pro
823 1557 982 1642 paruitate
996 1578 1068 1625 mea
1078 1558 1222 1641 precibus

86 1660 258 1739 insistatis,
282 1664 316 1727 ut
339 1660 388 1726 cui
411 1660 498 1725 deest
520 1677 574 1742 per
595 1660 734 1727 actiones
762 1678 833 1727 suas
856 1660 971 1727 fiducia
994 1661 1144 1727 benorum
1166 1680 1223 1744 per

88 1763 241 1847 suffragia
263 1765 369 1829 uestra
391 1763 564 1847 contingat.

621 1953 691 2019 VII.

52 2118 77 2157 15
448 2102 651 2159 EVPREPIAE
669 2102 863 2160 ENNODIVS.

130 2224 282 2307 Quamuis
305 2243 395 2307 saepe
416 2224 537 2309 ingenii
558 2225 621 2290 mei
648 2230 779 2291 maciem
802 2225 1018 2309 cognouisse,
1046 2226 1218 2308 periclitari

84 2330 195 2395 tamen
218 2328 335 2393 ieiunia
357 2328 418 2393 cris
449 2328 527 2393 clim
555 2328 679 2410 probati
707 2328 855 2393 iussionis
883 2327 1044 2394 eeleritate
1077 2328 1217 2395 uoluisti.

84 2431 141 2497 sed
165 2450 221 2515 ego
249 2450 309 2496 non
338 2432 439 2499 abnuo
462 2430 606 2496 oboedire
628 2430 790 2515 diligenti,
821 2434 857 2496 ut
885 2430 913 2494 si
942 2430 1108 2498 facundiae
1130 2434 1218 2499 deest

83 2534 252 2614 meritum,
281 2534 383 2619 gratia
410 2534 578 2599 subueniat
606 2534 803 2615 obsequendi.
841 2534 947 2599 uariae
968 2536 1044 2598 eunt
1065 2535 1217 2601 dencmnn

50 2637 278 2715 eccelestium‚
301 2635 377 2702 licet
397 2639 439 2703 ab
458 2654 519 2701 une
543 2639 666 2702 anctore
692 2636 939 2721 progrediantur,
963 2636 1095 2720 species:
1118 2637 1218 2704 alium

84 2742 285 2806 commendat
319 2738 482 2823 perfectio,
516 2739 653 2806 alterum
688 2740 829 2805 insinuet
855 2738 938 2822 qued
971 2739 1039 2805 sine
1067 2741 1218 2807 tarditate

84 2844 193 2927 aliqua
215 2844 285 2909 uult
305 2862 425 2926 parere.
448 2844 579 2910 domnae
594 2862 683 2911 meee
706 2842 862 2928 Cynegiae
875 2843 1072 2926 epitaphium
1087 2844 1142 2909 uix
1155 2862 1220 2911 una

83 2947 162 3014 hore
184 2947 302 3011 hebens
329 2948 483 3012 tractandi
510 2948 645 3031 matium
674 2946 840 3014 inelimata
862 2946 1031 3015 uelocitate
1055 2948 1212 3031 conposui.

136 3186 153 3239 1
176 3184 307 3255 epinitelie
329 3184 357 3238 Β
459 3184 574 3240 medices
593 3188 620 3253 (c
637 3188 718 3253 cerr.)
737 3185 765 3240 Β
788 3202 809 3241 e.
827 3188 845 3242 l.
948 3186 1086 3243 indultete
1109 3188 1147 3243 Βι

83 3271 99 3324 2
117 3270 262 3357 religiosae
279 3270 306 3325 L
323 3274 423 3341 (supra
440 3286 471 3327 ae
487 3275 554 3340 rae.)
657 3273 851 3343 dperquiretis
870 3274 898 3328 Β
993 3289 1123 3343 equorum
1140 3279 1165 3341 (r
1182 3274 1215 3328 in

83 3378 151 3441 rae.)
169 3375 198 3430 Β
294 3376 312 3429 4
328 3376 469 3446 negligens
486 3377 514 3431 Β
532 3380 609 3446 (poet
626 3380 709 3446 cerr.)
728 3378 784 3433 ΒΤ
879 3378 1011 3447 emtione!
1032 3380 1061 3432 et
1077 3377 1162 3431 telem
1179 3376 1217 3441 Β,

82 3478 125 3517 me
152 3463 235 3517 telem
262 3464 382 3517 oratione
409 3464 567 3534 (cretionem
590 3465 641 3533 Β“)
666 3466 796 3521 LPTVb
908 3466 926 3520 5
951 3465 1093 3547 adseritisn
1119 3462 1146 3517 B

81 3603 243 3671 aquintum
261 3602 289 3657 n
391 3603 426 3658 10
447 3604 764 3673 praenascens
867 3573 1147 3659 11mieericordi‘'13

82 3689 114 3743 12
134 3688 247 3743 actionis
265 3689 303 3743 Β1
409 3690 441 3744 13
459 3690 612 3759 continget]
630 3690 694 3745 finit
711 3689 777 3745 add.
793 3690 822 3743 Β

134 3790 198 3846 vn.
234 3792 267 3847 15
284 3793 440 3863 eupraepiec
458 3794 495 3862 Β,
518 3793 650 3863 eupremie
670 3795 696 3849 T
791 3793 824 3848 16
841 3808 902 3862 sepe
919 3792 948 3846 B
1042 3793 1215 3861 ccgnenieses

81 3878 123 3943 (ui
142 3880 175 3933 in
191 3880 258 3946 ras.)
276 3877 304 3932 L
399 3879 431 3933 17
449 3882 512 3934 ante
529 3880 630 3935 ieiunia
648 3882 693 3948 (an
710 3894 732 3935 e.
750 3880 768 3934 d.
787 3880 825 3948 P)
843 3879 890 3935 Pb
984 3877 1091 3947 probari
1110 3879 1146 3934 ’Β

81 4000 117 4053 at
130 3998 577 4071 celebretepereoluietiPiemp.
673 3971 833 4055 uoluistis
930 3998 1145 4054 sermonen

83 4084 115 4138 19
135 4084 228 4138 ueniet
246 4084 326 4139 Siren.
430 4085 464 4139 20
487 4090 576 4141 actm
602 4088 628 4139 T
727 4086 761 4139 22
779 4086 826 4140 nul
844 4083 871 4139 L
973 4084 1025 4139 dne
1045 4087 1077 4152 Τ,
1104 4084 1213 4141 domne

79 4171 98 4239 (i
117 4170 198 4237 erae.)
216 4170 243 4224 L
334 4172 463 4241 cynegiae
481 4172 509 4226 Β
600 4172 748 4243 epytafium
766 4172 803 4238 Β,
826 4170 965 4242 epitafium
986 4173 1012 4226 1'
1100 4172 1136 4226 23
1153 4188 1213 4239 epa-

81 4256 152 4311 cinm
169 4256 226 4311 BL
329 4257 486 4312 inclimenta
508 4259 546 4312 Βι

131 4359 181 4414 VI.
1090 4360 1107 4412 9
