2992 4967
541 404 628 459 liber
646 404 683 470 11,
710 404 821 459 Μ.
1198 406 1240 471 33

165 592 241 662 ‘Rex
263 596 394 662 Hunirir
416 596 647 662 Uueudelorum
670 599 702 660 et
723 596 896 659 Alanornm
917 593 1072 659 uniuersis
1093 594 1294 678 episeopieilii

1 750 2 755 ι
120 700 321 765 omousianis.
358 698 428 764 Non
459 700 556 763 semel
586 698 640 763 eod
662 696 785 779 saepius
808 698 932 762 eoumat
954 714 1020 761 osee
1041 696 1240 780 prohibitum,

1 820 6 830 ·
119 807 160 865 ut
182 800 215 865 iu
230 802 364 867 sortibus
378 800 611 866 Unaudelorum
626 801 799 866 eaoerdotee
814 800 913 864 nestri
931 804 1100 864 oouuoutue
1113 798 1241 865 niune

121 904 325 980 eeletrarent
349 921 388 967 ne
410 920 467 968 sue
488 904 666 969 seduotione
680 903 798 967 animae
812 901 1031 967 subuerterent
1043 899 1242 969 cumdem.

94 1006 223 1087 eQnam
247 1024 313 1071 rem
334 1006 513 1088 spernentes
533 1004 662 1089 plurimi
683 1006 800 1087 reperti
821 1007 896 1069 eunt
912 1009 1019 1071 ooutm
1038 1004 1242 1070 interdietum

121 1108 235 1173 missas
256 1108 289 1173 iu
309 1106 445 1173 eortibm
463 1106 694 1173 Uueudalornm
705 1109 818 1190 egisse,
841 1110 1014 1171 asserentes
1034 1126 1070 1171 ee
1084 1107 1241 1189 integram

121 1210 264 1293 regulam
286 1210 481 1276 Christianae
501 1210 574 1275 fidei
595 1214 707 1275 tmere.
735 1212 778 1275 Et
797 1211 872 1292 quia
897 1213 931 1275 iu
955 1209 1123 1293 prouiaoiie
1144 1230 1164 1274 a
1185 1213 1241 1275 deo

1 1376 5 1381 .
122 1312 214 1377 nobie
243 1312 396 1379 oonoeeels
423 1312 604 1379 seandalnm
627 1331 694 1378 esee
716 1313 879 1390 uolumus,
906 1313 1036 1394 ideoque
1063 1313 1113 1379 dei
1134 1312 1242 1395 proui-

123 1416 231 1481 dentia
256 1434 327 1481 oum
356 1432 506 1481 eumenen
532 1417 711 1481 sanatorum
739 1419 953 1499 episeoporum
979 1415 1154 1481 emnem
1182 1414 1242 1480 hoo

80 1541 113 1581 ιο
122 1536 181 1583 uos
204 1517 352 1583 statuisse
374 1518 557 1599 ooguosoite‚
579 1520 615 1581 ut
627 1520 667 1583 ad
681 1518 765 1583 diem
779 1518 992 1585 Kalendarum
1005 1517 1243 1583 Februariarum

123 1619 261 1702 proxime
283 1620 459 1687 sntmarum
480 1622 596 1686 amissa
616 1622 701 1685 omni
723 1622 919 1687 exeusatisue
939 1621 1114 1687 formidinis
1134 1638 1243 1685 omues

124 1723 313 1807 Carthagine
335 1723 478 1802 nemetis,
501 1728 536 1789 nt
559 1724 596 1788 de
619 1725 737 1789 rationo
759 1724 833 1789 fidoi
855 1742 928 1789 oum
948 1726 1061 1789 noeais
1079 1722 1243 1789 uenerabi-

122 1828 206 1892 litus
223 1828 369 1908 episeopis
383 1827 510 1909 possitis
524 1827 603 1893 inire
619 1827 807 1907 munitium,
818 1830 850 1891 et
861 1826 901 1891 de
911 1826 1242 1904 iideomoun'auorum

122 1946 218 2011 quem
240 1928 416 2007 defenditis,
439 1930 476 1995 de
499 1930 614 1995 diuinis
637 1930 800 2012 seriptmie
820 1930 943 2012 proprie
966 1931 1151 2011 adprobetis,
1183 1948 1243 2011 quo

83 2032 222 2115 reposuit
244 2032 380 2114 agnosei
403 2034 430 2098 si
451 2033 605 2117 integram
626 2032 719 2098 fidem
741 2034 885 2099 laneam.
906 2032 1010 2098 Huius
1022 2037 1130 2097 autem
1150 2031 1244 2096 edieti

124 2142 264 2199 tenorem
297 2136 452 2200 uniuersis
485 2135 673 2219 eeepneepie
706 2138 770 2202 tuis
804 2157 858 2220 per
891 2137 1070 2203 mineum
1104 2134 1244 2200 dirioem

125 2235 307 2301 constitutis
340 2236 515 2303 direximus.
550 2240 634 2305 Data
665 2241 722 2307 snb
754 2239 805 2306 die
837 2258 902 2307 1111
923 2240 995 2306 Kal.
1023 2238 1129 2305 lunias
1163 2254 1270 2303 anuo..
1284 2261 1327 2302 ne

123 2340 259 2421 septimo
282 2332 444 2407 Hunirioi’.

171 2458 228 2536 (ΙΙ,
246 2460 298 2540 14)
317 2459 540 2543 cognoscentes
559 2461 656 2544 igitur
671 2464 721 2544 qui
737 2466 897 2528 emramus
919 2463 1073 2545 simulque
1095 2462 1296 2546 ligetemo

83 2562 349 2626 recontritum
373 2567 428 2626 est
451 2563 603 2646 extemplo
626 2582 692 2627 eor
713 2568 889 2630 nostrum
911 2568 943 2630 et
972 2562 1244 2629 contenebrati

123 2665 218 2728 eunt
245 2665 351 2729 oeuli
379 2665 521 2745 nostri,
549 2668 581 2729 et
607 2684 680 2731 nore
702 2671 778 2732 tuno
799 2668 865 2732 dieo
887 2667 960 2732 festi
982 2669 1080 2732 nostri
1102 2666 1243 2731 eonnerei

123 2770 198 2830 suut
220 2768 252 2831 iu
275 2766 397 2831 luotum
419 2769 452 2832 et
474 2770 596 2833 oantioa
617 2770 650 2833 in
673 2769 938 2848 lamentationem,
955 2770 1029 2833 dnm
1045 2768 1139 2833 edieti
1154 2771 1244 2833 tener

125 2867 277 2933 indiceret
299 2870 423 2935 futurae
445 2872 667 2954 persecutionis
690 2873 836 2952 furorem,
852 2875 885 2937 ot
898 2872 1080 2956 praesertim
1094 2871 1150 2936 nbi
1164 2870 1243 2935 dixit

120 2965 167 3033 ‘in
195 2973 365 3052 prouiueiis
396 2976 509 3039 uostris
539 2992 557 3039 e
585 2974 642 3071 deo
673 2976 760 3041 uobis
788 2976 943 3041 oouoeeeie
970 2975 1148 3040 emndalum
1175 2988 1243 3037 seeo

224 3142 259 3195 20
284 3141 383 3197 Threu.
402 3144 426 3207 d,
446 3142 485 3197 17.

159 3297 190 3359 ,1
210 3294 333 3349 hunirioh
352 3297 404 3350 Me
431 3297 571 3351 hunerious
589 3314 607 3351 o
634 3299 753 3353 uuirieus
773 3300 839 3357 WP
864 3302 1038 3356 houou'oued
1134 3302 1244 3355 domn·

123 3380 209 3434 sienis
234 3380 380 3436 Brome
413 3382 593 3437 homousianis
622 3384 669 3437 Pb
778 3387 866 3440 duee
883 3386 938 3443 PR
1049 3387 1185 3441 sedutioue
1206 3386 1246 3441 W

123 3464 288 3537 seditioued
395 3466 482 3535 oque
501 3466 529 3521 P
629 3470 750 3540 plurimi]
768 3472 834 3540 plur.
852 3475 958 3542 nnned
1060 3471 1187 3540 degisse]
1205 3470 1244 3523 ia-

122 3552 209 3617 oered
306 3550 581 3619 lregulaoristieuee
598 3553 636 3607 W
729 3558 891 3611 Bnoluimae
902 3558 946 3613 Po
1038 3556 1097 3611 ideo
1112 3557 1176 3612 (Μ

123 3635 302 3705 prouidentia]
327 3638 463 3705 prouiueia
485 3638 524 3692 W
625 3642 643 3694 9
666 3656 724 3695 enm
743 3645 879 3714 mesenen]
898 3660 959 3700 eum
976 3658 1053 3699 meu
1075 3644 1140 3698 Η
1161 3644 1195 3699 0·
1210 3650 1244 3698 et

121 3720 181 3775 aid.
194 3734 321 3775 oousenen
337 3722 419 3777 U'Ms
514 3724 547 3779 10
563 3725 745 3782 ianuariarum
765 3728 807 3783 Po
899 3731 930 3783 11
950 3729 1046 3783 omissa
1063 3746 1082 3784 e
1167 3744 1245 3783 omne

122 3804 180 3860 BV
197 3804 260 3873 (ΠΙ,
275 3808 320 3875 illl)
423 3809 456 3862 12
473 3812 636 3880 nemmem
654 3814 692 3867 Μ
716 3814 897 3885 oerthagiuem
918 3816 1003 3872 Weao
1104 3816 1139 3870 13
1156 3814 1244 3870 inluire

121 3892 139 3943 d
236 3892 393 3948 eonfrietaru
417 3893 442 3947 V
537 3899 752 3954 umoueieuorum
769 3900 845 3957 BVo
869 3903 1067 3957 omueieuorum
1088 3902 1112 3958 (l
1132 3902 1242 3957 ilomou·

122 3976 257 4031 eianorum
277 3979 322 4033 Po
424 3981 571 4037 redeosi
594 3983 634 4038 W
727 3986 840 4058 diuinis]
858 3988 1004 4056 diuereied
1107 3989 1140 4044 15
1153 3993 1247 4058 posset

122 4061 179 4117 Mb
283 4066 316 4119 16
343 4067 473 4136 episeopis
500 4068 563 4124 oW
660 4072 716 4126 tuis
741 4088 792 4130 oen.
821 4072 861 4129 W
965 4074 998 4129 17
1024 4074 1099 4130 Iunii
1124 4076 1177 4130 Ma

123 4150 157 4202 18
174 4149 299 4204 nunnriei
316 4150 375 4205 BV
397 4153 494 4207 unirioi
512 4154 551 4209 W
572 4155 691 4210 hunerici
709 4158 776 4212 Meo
802 4159 923 4213 hunorioi
941 4160 957 4215 b
1054 4160 1088 4216 19
1105 4160 1246 4215 adoramus

126 4237 152 4290 V
253 4236 288 4290 w
303 4240 422 4307 exemplo
445 4241 504 4297 VO’
532 4240 658 4311 extimplo
680 4244 761 4298 G¹dde
863 4244 1177 4305 salamantinensem

120 4321 273 4377 aluenni
291 4339 339 4377 ose.
368 4324 421 4395 Wd
523 4326 600 4381 nobis
617 4344 634 4382 a
651 4327 699 4383 deo
721 4330 774 4400 Wd
