2992 4967
465 392 700 463 Epistularum
718 393 809 448 libor
824 394 892 449 1111.

639 584 711 649 XII.

494 700 676 757 sonemus
698 700 865 758 IOHANNI.

154 806 280 873 Natura
301 808 427 889 partum
449 809 505 887 est,
528 812 564 873 ut
587 826 661 874 cura
683 812 796 892 migret
818 808 852 872 in
874 808 1024 890 gaudium
1045 809 1079 873 et
1100 812 1241 876 mutetur

112 912 243 995 querela
265 910 443 993 praeconis,
474 912 616 995 quotiens
640 912 746 995 cupita
768 911 960 976 tribuuntur.
982 912 1121 976 incertus
1143 911 1241 982 animi

84 1014 161 1081 ciui
185 1014 261 1097 quid
284 1013 344 1081 sibi
367 1014 467 1079 uellet
488 1015 695 1081 sublimitatis
717 1016 791 1080 tuae
814 1016 880 1079 tam
902 1014 995 1097 longa
1016 1013 1156 1092 cessatio,
1184 1016 1241 1079 secl

112 1136 188 1183 cnm
210 1116 304 1199 potiri
326 1116 420 1182 datur
443 1118 558 1200 optato,
583 1119 648 1201 ipso
670 1134 724 1201 pro
747 1116 889 1201 partibus
911 1116 976 1182 tuis
999 1116 1165 1183 honestum
1188 1137 1240 1182 ex-

112 1220 285 1287 cusationis
307 1237 402 1303 genus
425 1219 558 1301 inquiro.
584 1221 656 1287 uide
678 1221 753 1303 quid
777 1220 896 1285 faciant
911 1238 1021 1283 serena
1042 1220 1239 1303 diligentiae:

111 1325 205 1409 quasi
228 1324 332 1391 totum
353 1323 432 1389 mibi
454 1342 490 1389 ex
522 1325 679 1391 sententis
700 1324 841 1400 fluxerit,
875 1324 921 1389 ita
954 1323 1091 1407 simplici
1113 1342 1241 1391 munero

110 1428 257 1511 placatus
280 1430 382 1493 errata
403 1427 549 1495 concessi.
572 1428 667 1493 babes
689 1428 771 1493 unde
792 1427 838 1510 pii
861 1426 977 1492 amoris
993 1426 1127 1492 sormam
1142 1430 1239 1509 possis

72 1552 102 1595 so
111 1534 276 1599 adsumere
298 1532 331 1597 et
354 1534 434 1599 circa
455 1530 628 1599 amicitiam
644 1531 837 1597 constantiae
854 1530 995 1613 exempla
1018 1533 1168 1597 mutuari.
1190 1551 1240 1597 mo

109 1637 139 1701 si
161 1635 307 1717 sequeris,
329 1653 387 1703 neo
408 1637 499 1718 plura
521 1640 552 1703 te
586 1656 606 1701 a
629 1634 845 1701 coniunctione
867 1639 998 1719 peecata
1018 1630 1185 1699 retrahunt
1206 1635 1240 1699 et
1314 1661 1317 1666 ¹

111 1756 210 1805 unum
226 1737 421 1803 benefactum
437 1738 550 1805 sodalis
567 1737 614 1805 tui
630 1738 739 1821 culpas
755 1738 906 1804 absoluat.
922 1756 972 1803 me
988 1736 1115 1816 silentii,
1133 1734 1239 1819 fremo,

111 1861 164 1908 me
186 1840 355 1907 obliuionis
375 1839 528 1907 incessis?
550 1840 607 1907 ubi
629 1843 697 1907 erat
719 1842 781 1906 iste
797 1841 929 1918 animus,
954 1842 1074 1924 quando
1097 1858 1155 1907 nec
1169 1856 1240 1923 pro·

112 1944 257 2028 mulgata
273 1944 437 2027 conloquia
450 1962 592 2011 meruere
607 1962 790 2027 responsum
812 1962 870 2009 neo
882 1947 921 2010 ad
935 1944 1003 2009 stili
1024 1943 1240 2027 imperandam

75 2047 356 2115 insollicitudinem
378 2050 522 2132 praeuius
546 2048 719 2115 existebas?
741 2047 797 2113 ubi
816 2046 880 2113 iuit
901 2047 1126 2113 inabstinentia
1141 2048 1239 2115 tabel-

110 2152 216 2219 larum
232 2169 291 2217 non
307 2152 389 2217 circa
407 2168 514 2217 omnes
529 2150 563 2215 iu
578 2150 707 2235 Liguria
725 2149 909 2217 custodita?
931 2148 1040 2215 multis
1056 2169 1075 2213 a
1091 2150 1240 2215 desiderio

111 2256 168 2321 too
188 2252 458 2337 peregrinantibus
479 2253 514 2317 in
536 2254 648 2319 solacio
677 2252 793 2320 doloris
823 2253 885 2318 mei
906 2252 1035 2337 paginas
1059 2250 1239 2331 exhibente,

106 2359 145 2433 ¹et
166 2357 247 2423 mihi
273 2357 522 2423 taciturnitatem
555 2358 742 2423 continuasti
766 2360 798 2421 et
830 2356 895 2422 illis
927 2355 1098 2441 praebuisti
1133 2356 1240 2423 eontra

110 2459 185 2527 uota
216 2459 422 2543 conloquium,
457 2459 532 2542 quia
555 2460 602 2525 est
624 2460 686 2525 ista
721 2458 931 2525 humanorum
953 2478 1059 2525 rerum
1091 2462 1181 2539 ratio,
1204 2464 1240 2525 ut

75 2581 168 2646 sopro
190 2581 307 2647 magna
329 2564 514 2647 cognatione
535 2580 593 2649 par
615 2562 759 2629 studium
780 2581 902 2645 semper
926 2562 1050 2627 exstat.
1084 2562 1172 2627 cuius
1189 2580 1239 2627 or·

110 2665 195 2733 dinis
218 2666 381 2733 immemor
404 2666 532 2733 uoluisti
555 2665 672 2733 sociare
688 2666 843 2757 quaedam
857 2665 1004 2761 imperita
1020 2683 1091 2731 cum
1112 2665 1239 2742 litteris,

110 2770 226 2852 putans
250 2773 330 2835 coire
351 2788 439 2853 posse
461 2771 493 2837 in
515 2769 665 2835 effectum
694 2772 761 2837 toto
784 2768 866 2833 callo
888 2769 1046 2835 distantia.
1070 2769 1144 2852 quid
1165 2787 1238 2852 pro-

110 2873 212 2937 mouit
223 2872 425 2937 suadeoratio
438 2876 493 2938 tua
504 2872 693 2937 elucubratis
707 2872 893 2938 concinnata
899 2871 1104 2947 sermonibus,
1118 2873 1239 2954 quando
1302 2942 1305 2949 ,

110 2974 266 3041 bonarum
288 2976 405 3041 onium
439 2976 557 3041 nescios
580 2974 762 3057 appellabat
795 2976 920 3039 amante
952 2974 1155 3057 posthabito?
1187 2978 1239 3041 sed

73 3078 185 3143 ”hinc
209 3077 302 3142 alios:
338 3078 408 3143 nolo
432 3096 612 3144 excessuum
633 3077 874 3144 multitudinem
894 3076 1042 3163 relegere,
1076 3080 1130 3160 qui
1152 3078 1240 3145 breui

112 3176 326 3247 satisfactione
348 3178 497 3247 delinitus
519 3198 599 3245 sum.
630 3198 704 3245 nam
726 3180 883 3263 parcitate
917 3180 950 3245 in
972 3181 1151 3263 eloquendis
1174 3183 1238 3248 illis

112 3301 188 3347 usus
211 3282 348 3361 fueram,
363 3283 424 3348 nisi
439 3299 529 3350 nosse
544 3302 600 3349 uos
616 3284 776 3349 crederem
791 3283 830 3349 (le
851 3280 976 3349 offensis
990 3282 1069 3349 illud
1084 3302 1241 3350 remanere

165 3467 229 3524 XII.
263 3468 282 3523 4
300 3469 432 3539 qnaerilla
450 3471 477 3525 Β
574 3470 690 3539 preconii
711 3471 737 3526 Τ
837 3469 855 3523 b
871 3469 950 3523 uellit
965 3468 994 3523 Β
1091 3470 1108 3525 6
1125 3486 1173 3538 pro
1190 3486 1240 3526 oso.

110 3556 139 3609 n
243 3555 353 3625 emor
376 3558 477 3612 ono
578 3556 729 3613 amaron
751 3554 916 3612 otmar
1019 3537 1172 3611 stoan

111 3642 184 3710 possi
201 3640 228 3695 L
334 3642 365 3696 ll
384 3642 527 3697 retrabunt
544 3644 642 3713 (sopra
659 3658 690 3696 ra
703 3646 770 3707 ros.)
787 3642 815 3696 Β
919 3640 952 3695 12
970 3640 1089 3696 absoluit
1104 3642 1170 3708 sort.

110 3730 149 3798 ss
167 3742 196 3797 n
300 3742 334 3799 15
356 3744 463 3813 prensus
481 3744 536 3799 no
640 3746 672 3800 ro
691 3745 805 3815 ogerus
821 3716 969 3829 orasset
986 3743 1015 3797 a
1116 3744 1150 3798 ιι
1167 3760 1240 3814 pare-

101 3830 268 3935 grinb'uoue
285 3862 313 3918 B
416 3864 513 3919 solatio
530 3864 626 3929 LTV;
654 3864 683 3918 in
702 3881 723 3919 s.
740 3881 796 3935 pro
814 3865 843 3919 in
861 3866 1059 3921 sustentatione
1075 3866 1180 3921 dicturo
1195 3867 1240 3927 ,soi-

109 3951 208 4016 dotur,
234 3950 290 4004 nist
314 3950 388 4016 forte
416 3964 469 4005 non
498 3951 593 4005 solacio
619 3952 668 4006 ael·
688 3950 790 4005 solacia
805 3954 868 4020 (om.
886 3952 927 4020 in)
944 3951 1118 4007 sorbendam
1133 3957 1174 4007 oct

109 4024 286 4123 exhibistlss'
300 4070 318 4106 ιι
336 4068 358 4112 o.
377 4054 394 4107 l.
412 4056 478 4109 m.2
577 4054 610 4109 18
627 4054 760 4124 prebuisti
778 4054 806 4108 B
907 4054 941 4109 22
958 4070 1017 4112 core
1033 4071 1116 4125 ponse
1133 4056 1173 4110 L*

109 4142 170 4195 tota
195 4140 231 4195 1'1
333 4144 472 4209 premonet
493 4139 663 4207 BLPTVb,
690 4157 738 4197 eoo.
765 4139 848 4196 &ron
961 4142 996 4196 24
1018 4142 1122 4196 cosmus
1144 4140 1173 4194 B

109 4223 145 4281 25
156 4240 305 4281 aceessum
319 4224 345 4280 L
443 4226 555 4294 religer-e
567 4226 713 4294 BLPTV,
732 4226 853 4297 relegare
865 4226 889 4293 b,
906 4239 956 4281 em.
968 4227 1050 4281 Siros.
1147 4226 1183 4280 26
1198 4226 1241 4278 ele·

110 4311 212 4366 leuibus
230 4310 258 4365 Β
361 4310 394 4365 27
412 4326 447 4365 no
465 4327 539 4367 senos
557 4312 584 4367 L
