2992 4967
402 343 515 413 Opnra.
534 340 601 398 1111.
628 340 711 397 vita
728 342 759 395 Β.
778 342 911 397 Antoni.
1152 343 1216 410 387

83 532 147 615 qui
169 532 332 616 ignoratur
352 548 408 615 per
429 528 581 612 originem
604 526 757 595 similium
778 529 929 596 alareseat
949 528 1076 596 meanz
1108 530 1216 616 depre-

85 635 241 701 handitur
262 650 351 699 mens
372 635 494 699 seurota
514 648 570 716 per
591 630 689 698 sualua
710 635 743 697 et
764 633 818 699 eni
837 650 900 699 non
920 634 995 700 lieet
1008 632 1217 718 adliquidum

84 736 342 821 superuenientis
371 735 537 801 aestimare
566 736 789 801 eonscientiam
816 737 995 802 aeneaditur
1024 740 1062 801 et
1088 738 1127 802 de
1151 740 1217 805 euie

83 840 301 925 deprehendat
314 842 465 905 externos.
488 854 561 905 nem
578 853 649 905 uum
670 856 742 905 eum
764 841 873 905 beatur
887 839 1006 905 bladus
1027 840 1093 905 illis
1105 840 1215 921 anulis,

55 942 208 1026 equibus
245 946 366 1008 mentes
402 942 567 1017 uidentur,
611 942 778 1025 inspiraret
813 942 847 1006 et
881 942 1038 1008 interieris
1074 944 1216 1010 deutrum

85 1048 229 1111 beminis
252 1045 443 1111 abmonditis
465 1046 702 1130 permutaretur
723 1042 894 1129 optutibus,
916 1046 1018 1111 ualuit
1038 1062 1109 1113 eum
1124 1048 1216 1113 eleri-

85 1168 202 1216 eomm
224 1149 342 1215 suniam
357 1149 490 1233 tullegio
506 1150 538 1214 at
552 1148 635 1213 inter
647 1148 873 1215 ¹eualusiastieea
887 1150 993 1216 suetus
1007 1152 1217 1232 praestantem

82 1254 216 1319 meritis
244 1253 387 1319 dediam
415 1268 591 1335 personam.
626 1252 680 1317 sed
708 1250 794 1337 fugit
821 1250 968 1317 bonoram
994 1254 1084 1319 naiut
1103 1254 1215 1319 aemi

82 1357 238 1442 poculum
267 1354 320 1439 qui
347 1372 469 1440 semper
495 1356 668 1438 petentium
697 1354 830 1419 eredidit
856 1354 1012 1422 subiacere
1037 1357 1072 1421 et
1098 1358 1215 1423 seruire

41 1459 247 1544 inpatienter
268 1458 420 1543 praetulit
441 1458 539 1542 regali
561 1458 743 1525 dominatui.

135 1576 184 1644 Ne
213 1582 318 1645 tamen
351 1578 404 1646 diu
438 1578 593 1645 humanae
626 1576 871 1645 eenuersationis
900 1578 1016 1644 mixtus
1049 1578 1214 1647 inlecebris

85 1684 273 1749 sotietatem
301 1682 495 1766 contagionis
522 1680 676 1763 hauriret,
705 1681 801 1766 elegit
827 1695 979 1747 sesemm
1001 1682 1086 1749 haud
1106 1684 1214 1766 prubul

87 1806 111 1851 a
133 1786 221 1851 beati
241 1786 389 1871 martyris
411 1782 528 1851 Fidelis
556 1786 712 1867 sepulcre,
741 1784 797 1850 ubi
819 1785 928 1851 Iariu's
949 1786 1032 1851 Iunii
1052 1788 1215 1853 marmoris

85 1890 194 1955 minas
221 1888 368 1973 deponit,
403 1889 537 1971 quande,
568 1905 607 1953 ne
640 1886 789 1971 euagetnr'
814 1886 954 1971 longius,
988 1888 1117 1956 ubieutis
1138 1890 1215 1975 ripis

47 2019 76 2059 ra
86 1994 244 2059 resistunt
277 1992 365 2058 dens
397 1992 528 2059 telluris.
566 1994 632 2060 illie
665 1992 782 2058 inserte
813 1992 948 2059 nubibus
975 1993 1093 2059 uertice
1124 2013 1213 2062 mens

88 2098 247 2180 eoruseat,
270 2096 324 2178 qui
347 2094 543 2161 sublimitate
566 2115 622 2162 ana
643 2094 745 2162 uineit
765 2100 932 2179 aspectum.
970 2096 1024 2161 sed
1046 2114 1140 2181 qnam
1161 2116 1214 2163 su-

86 2199 204 2281 perbus
237 2203 285 2264 est
316 2198 551 2284 magnitudine,
586 2202 651 2264 tam
681 2198 818 2265 difficilis
847 2216 985 2269 assensu.
1022 2216 1095 2267 nam
1117 2200 1214 2268 nullis

87 2304 166 2368 autb
185 2300 376 2367 monaahum
398 2303 538 2367 nestrum
561 2303 666 2386 patuit
693 2304 852 2387 gressibus
880 2319 937 2369 nee
964 2324 1020 2388 per
1048 2309 1215 2389 praerupta

88 2419 237 2470 saxorum
260 2404 390 2470 humaui
412 2405 534 2489 generis
562 2406 689 2470 admisit
712 2404 877 2472 formidine
897 2412 1093 2491 repugnante
1114 2410 1214 2474 nesti

49 2508 190 2592 nogium.
227 2506 259 2572 in
282 2507 429 2591 praecisis
458 2508 602 2573 cauffibus
622 2508 695 2574 tnta
713 2508 790 2574 ferie
812 2510 940 2593 longum
962 2510 1105 2594 praebuit
1124 2512 1212 2578 nulle

88 2612 262 2676 exterrente
291 2611 421 2689 cubilia,
452 2630 486 2677 eo
515 2610 623 2677 bestiis
653 2610 811 2690 blandior,
840 2629 899 2693 qun
928 2611 1100 2679 terribilius
1129 2614 1213 2698 agri·

87 2716 230 2779 eolamm
252 2713 391 2779 minatur
414 2716 565 2781 excursui.
599 2714 633 2779 iu
653 2714 713 2780 hoe
728 2714 779 2780 dei
800 2714 937 2779 famulus
957 2716 1061 2780 sedem
1084 2713 1211 2800 delegit,

87 2819 123 2883 in
147 2834 207 2899 que
229 2818 295 2883 seia
316 2816 378 2884 fnit
399 2818 540 2901 placendi
559 2826 668 2897 taust·
685 2818 757 2900 quia
771 2834 965 2900 nequaquam
980 2817 1213 2885 lenocinabatur

88 2920 280 3003 aspectibus.
325 2921 406 2987 nihil
438 2940 544 2987 seeum
576 2920 711 3003 amplius
744 2921 806 2986 nisi
837 2939 949 3004 pamm
982 2921 1150 3005 leguminis
1181 2926 1213 2988 et

52 3041 80 3083 aa
88 3022 238 3105 ligonem,
262 3024 453 3106 quaternam
470 3022 663 3103 sollicitaret,
685 3024 723 3089 de
739 3024 847 3089 muudi
860 3023 1022 3090 benefieiis
1034 3026 1211 3105 adsumens,

90 3124 251 3190 dedicauit
273 3124 385 3191 uallem
408 3124 551 3192 subiecta
572 3126 741 3211 asperitate
764 3127 927 3194 nescitum.
957 3129 1031 3214 iuga
1045 3128 1104 3195 illa
1119 3128 1215 3195 ‘indo-

193 3298 483 3367 reanimato

144 3457 158 3509 1
181 3454 307 3509 clarianat
330 3454 356 3509 Β
462 3456 480 3511 3
503 3454 688 3510 eonstientiam
711 3452 739 3509 L
840 3452 858 3508 6
880 3455 1095 3523 pamunetaretnr
1121 3454 1146 3508 Τ

88 3539 230 3595 obtutibus
248 3540 273 3595 Τ
368 3541 383 3595 1
402 3544 564 3611 prestantem
582 3540 610 3594 Β
714 3540 743 3594 11
763 3540 975 3593 euuuermtienes
990 3539 1019 3592 Β
1117 3538 1149 3592 12
1166 3554 1212 3592 au·

88 3626 157 3681 riret
172 3626 214 3693 Β,
240 3625 346 3681 hauriet
366 3626 401 3681 1ἰ
502 3626 570 3683 hant
593 3627 650 3682 ΒΤ
751 3625 784 3681 13
807 3622 918 3693 Fidem]
941 3622 1038 3677 Felicis
1060 3622 1143 3679 Sim

88 3694 209 3798 sapasim
226 3730 261 3797 B,
288 3730 426 3799 sepulchro
444 3730 502 3787 LV
601 3730 634 3784 14
651 3725 765 3797 duponit
782 3724 820 3781 L¹
837 3732 870 3781 at
886 3726 999 3782 Μαίων
1101 3726 1134 3780 16
1150 3726 1211 3781 aab

88 3814 218 3870 limitetis
235 3814 263 3869 Β
355 3832 404 3870 sua
421 3832 471 3871 om.
489 3816 517 3870 B
612 3816 644 3869 18
661 3828 706 3884 per
723 3812 787 3878 Bb,
813 3828 864 3867 eru.
883 3811 994 3866 LPTV
1085 3815 1212 3882 prerupta

89 3900 119 3956 B
222 3900 254 3955 19
271 3900 380 3955 admisit
399 3902 446 3967 (sit
463 3902 573 3965 iuras.)
592 3899 619 3955 L
726 3896 1012 3953 tormidine—cubilia
1027 3896 1138 3966 scripsit
1154 3898 1211 3953 alia

88 4004 125 4042 m.
142 3991 201 4042 bnt.
220 3986 248 4041 L
348 4002 517 4073 repugnsuae
539 3986 567 4041 Β
668 3985 704 4040 ab
724 3983 835 4054 precisis
857 3983 885 4037 Β
986 3980 1093 4051 prebuit
1115 3982 1143 4038 Β

89 4090 123 4145 21
150 4088 299 4145 terribilius
324 4092 368 4160 (us
389 4091 422 4146 iu
444 4090 566 4157 rae.)V
669 4088 705 4143 22
729 4084 844 4142 famuler
870 4084 928 4141 LV
1025 4084 1128 4155 delegit
1154 4088 1209 4154 Pb,

89 4192 184 4261 diligit
202 4192 313 4249 snus
411 4193 445 4248 ne
462 4167 646 4249 risanae
662 4193 704 4259 s,
729 4190 929 4247 lenocinabatur
944 4189 972 4244 1,
1073 4188 1109 4244 aa
1124 4189 1212 4245 serrar-

90 4283 160 4336 taret
178 4281 218 4349 B,
245 4281 405 4336 sollicitaret
424 4278 459 4335 V¹
562 4278 596 4335 26
613 4280 717 4335 obieeta
732 4278 799 4345 fort.
817 4289 856 4331 an
872 4276 922 4331 sub
940 4275 1016 4330 ista?

1055 4377 1109 4431 250
