2992 4967
288 304 329 371 98
645 302 763 369 lisgni
779 301 909 357 Felicis
927 302 1062 359 Ennodi

287 512 365 579 qnae
380 496 463 560 uotis
478 494 618 579 praestat
633 492 831 576 obsequium:
846 491 945 558 libera
958 492 1199 575 praeeminentis
1214 494 1321 573 iussio,
1337 511 1419 577 quaa
1487 483 1488 554 3

286 596 384 663 seruit
406 597 545 662 affectui.
568 594 663 661 debet
685 596 764 660 mihi
786 596 910 661 coactor
924 596 1006 677 quod
1027 614 1116 661 meae
1136 598 1283 681 praestiti
1305 599 1418 664 nolun·
1487 641 1488 652 ι

286 700 365 767 tati:
387 718 534 785 prospera
555 703 604 765 est
625 698 764 782 scriptio,
781 716 860 781 quae
876 698 1095 764 testimonium
1116 700 1230 766 tribuit
1245 701 1293 766 bis
1309 703 1420 779 amori,
1487 689 1488 746 ἶ

287 806 361 869 dum
390 805 422 869 ιι
444 822 560 869 nouum
582 804 619 885 ¹in
641 801 690 866 ius
718 800 900 884 diligentiae
929 802 1069 867 adtrahit
1102 804 1135 866 et
1165 803 1259 869 amici
1287 803 1420 869 senioris

286 909 395 991 pectus
418 906 553 990 obligat:
580 904 634 989 qui
656 907 732 971 dum
753 903 982 988 magnitudinis
1004 908 1077 970 tuae
1100 904 1203 970 fidelis
1224 925 1335 990 praeco
1360 909 1451 986 ests

286 1011 448 1094 priusnos
471 1029 526 1095 per
547 1008 821 1092 adstipulationem
844 1025 935 1072 snam
956 1007 1030 1072 iecit
1053 1006 1130 1091 eligi
1153 1028 1246 1093 quarn
1262 1011 1419 1093 cognosci

286 1132 356 1180 raro
378 1115 524 1179 notitiam
537 1113 704 1195 praecessit
718 1110 857 1177 affectio:
880 1111 930 1176 cui
946 1111 1079 1195 contigit
1093 1116 1165 1178 ante
1180 1111 1307 1193 placere
1321 1131 1418 1194 quam

287 1216 422 1302 inspici?
444 1218 597 1300 quantum
618 1216 701 1302 apud
722 1234 774 1280 me
795 1218 915 1298 pondus
938 1216 985 1280 est
999 1215 1165 1298 perlatoris
1188 1214 1357 1295 aduertite,
1379 1216 1419 1280 ad

287 1319 376 1386 cuius
398 1323 511 1385 nutum
533 1320 651 1387 iudicia
672 1320 782 1386 nostra
802 1318 988 1385 flectuntur:
1010 1318 1149 1384 indimus
1171 1336 1266 1401 quem
1288 1318 1420 1384 didicit:

286 1441 378 1506 quem
412 1423 523 1489 laudab
554 1422 783 1507 amplectimur.
815 1439 907 1503 saepe
936 1421 970 1487 in
997 1419 1095 1487 solido
1125 1421 1299 1486 constituta
1328 1440 1450 1488 mensu

285 1526 410 1611 propria
432 1529 531 1593 amico
554 1526 637 1592 cedit
653 1523 798 1591 examini.
821 1524 935 1591 mento
957 1543 1030 1608 ergo
1045 1524 1236 1609 suspicimus
1251 1544 1328 1609 quos
1343 1546 1419 1609 pro·

284 1629 376 1697 batus
399 1630 531 1696 extollit.
560 1647 643 1695 nunc
672 1629 700 1693 si
721 1627 899 1693 ubertatem
920 1628 1041 1711 gratiae
1069 1627 1187 1711 ingenii
1216 1630 1333 1695 macies
1365 1649 1417 1694 ex-

285 1732 430 1817 plicaret,
459 1733 487 1797 si
509 1735 548 1798 ad
570 1732 691 1797 fontem
713 1729 847 1796 foederis
875 1728 956 1796 aridi
977 1733 1129 1797 sermonis
1151 1749 1212 1796 non
1244 1731 1418 1796 lassaretur

285 1833 431 1914 infantia,
454 1835 482 1899 si
506 1834 683 1919 epistularis
700 1833 848 1919 qualitas,
864 1852 944 1917 quae
966 1835 1062 1899 etiam
1085 1834 1215 1916 copiosis
1238 1834 1418 1917 eloquentia

286 1937 542 2020 frenosrnponit,
557 1938 700 2022 progredi
718 1956 769 2003 me
784 1939 824 2004 ad
845 1935 988 2021 longiora
1002 1936 1217 2019 permitteret·
1241 1938 1450 2004 adserereme

286 2041 439 2125 quantum
461 2039 610 2105 nobilitas
576 2041 689 2106 astua
632 2038 790 2106 tmihi
813 2038 942 2118 debeat,
911 2041 1052 2123 qtuod
1074 2040 1114 2105 ad
1136 2040 1305 2123 epistulare
1328 2059 1416 2107 com·

285 2144 439 2210 mercium
471 2145 590 2225 primus
623 2143 756 2223 accessi,
791 2142 873 2226 quod
907 2146 1032 2210 ianuam
1061 2142 1204 2225 diligent'
1196 2164 1243 2209 rae
1276 2144 1416 2210 reseraui

285 2249 374 2315 elane
396 2248 558 2313 sermonis.
594 2244 718 2313 baiulus
741 2248 847 2313 tamen
870 2248 1017 2329 deprecor
1039 2248 1075 2310 ut
1098 2266 1154 2329 pro
1175 2247 1225 2311 bis
1253 2265 1332 2331 quae
1355 2249 1415 2312 tri-

284 2350 355 2415 buit
377 2351 564 2418 redametur.
589 2349 736 2415 ecclesiae
752 2368 862 2415 causas
884 2349 1018 2431 insinuo,
1041 2350 1115 2433 quia
1137 2349 1218 2431 quod
1241 2349 1308 2432 spei
1324 2368 1415 2414 meae

285 2455 465 2537 inpenditur
488 2450 576 2519 uobis
601 2452 713 2519 crescit
743 2454 783 2518 ad
798 2454 958 2518 meritum.
982 2451 1106 2516 domine
1127 2450 1184 2531 mi,
1206 2451 1450 2519 effusissimaess

285 2576 399 2623 munus
423 2556 622 2623 salutationis
651 2556 823 2641 inpendens
845 2574 978 2641 quaeso,
1010 2559 1062 2633 ut,
1091 2556 1118 2621 si
1140 2554 1231 2621 uobis
1260 2558 1347 2622 cordi
1370 2560 1418 2621 cst

285 2660 478 2727 oblationem
500 2679 603 2727 meam
635 2661 674 2727 de
695 2660 846 2727 libamine
877 2659 1018 2725 caritatis
1049 2660 1202 2741 accipere,
1231 2658 1416 2745 religionem

285 2764 404 2831 amicae
427 2762 639 2831 conscientiae
661 2763 804 2828 reseretis
828 2762 974 2845 alloquio.
997 2764 1078 2829 uale.
1130 2753 1134 2766 ’

336 3036 350 3089 1
369 3034 573 3105 praeeminentis
592 3034 684 3102 Sim,
708 3034 902 3103 praeminentis
920 3034 1077 3090 BLPTVb
1166 3035 1302 3090 2coictor
1319 3036 1358 3089 L¹
1377 3036 1416 3103 (ic

283 3122 342 3177 saa
359 3137 430 3177 corr.
443 3138 477 3175 m.
491 3124 519 3187 2,
536 3137 584 3176 ιι.
596 3121 613 3175 t.
625 3136 676 3175 scr.
688 3137 722 3175 m.
735 3124 802 3187 rec.)
901 3120 983 3189 meae]
1002 3137 1060 3174 maa
1078 3122 1113 3188 B,
1140 3138 1183 3175 mc
1200 3123 1228 3178 L
1326 3124 1415 3191 petitu

283 3242 317 3306 L,
345 3242 455 3312 prestiti
473 3243 500 3297 Β
589 3242 729 3295 uoluntate
747 3243 786 3296 L¹
882 3209 987 3297 lambi
1005 3243 1033 3296 B
1129 3244 1228 3297 5tuac
1246 3244 1274 3297 B
1289 3244 1342 3298 al.

283 3328 374 3385 fideles
401 3329 438 3385 V¹
541 3344 618 3397 preco
645 3329 684 3395 Β,
712 3344 806 3398 praeeo
833 3332 874 3383 ιιι
891 3332 919 3397 (o
937 3333 979 3384 est
994 3330 1027 3384 ιἰι
1045 3332 1111 3397 ras.)
1132 3330 1159 3384 V
1259 3330 1276 3383 6
1301 3332 1414 3399 agnosci

283 3416 329 3471 Pb
379 3460 381 3467 ,
416 3415 578 3485 tpracossit
595 3415 622 3470 Β
709 3418 774 3471 anta
787 3415 892 3485 placare
905 3415 945 3471 L¹
1030 3416 1175 3476 dadberto
1194 3415 1220 3469 T
1304 3416 1337 3469 11
1353 3432 1414 3470 sus-

283 3528 386 3597 opmus
406 3528 433 3583 ι
539 3527 693 3597 probiano
803 3527 837 3585 14
859 3527 976 3584 nemea
991 3529 1020 3583 ι
1121 3500 1413 3598 insomniorum

286 3650 311 3703 ι
395 3621 510 3718 epae
529 3650 557 3703 n
575 3649 634 3717 (ει)
736 3650 770 3704 15
787 3622 881 3735 tranis
898 3650 948 3713 ιι,
1017 3649 1125 3736 raperer
1145 3649 1171 3703 ι
1186 3664 1256 3704 corr.
1274 3651 1343 3705 aa

285 3752 317 3806 16
335 3756 437 3821 quantu
454 3753 497 3821 Β,
524 3756 627 3823 quanta
646 3753 775 3811 LPTVt
878 3753 948 3807 mihi
966 3751 1061 3807 debeat
1077 3752 1141 3817 Bb,
1168 3770 1218 3809 cm.
1236 3752 1346 3809 LPTV

285 3836 317 3891 17
335 3838 436 3893 adcessi
454 3840 482 3895 Β
584 3840 664 3911 quod]
684 3840 745 3895 ott
849 3840 883 3895 18
901 3838 1004 3893 baiolus
1021 3839 1050 3893 Β
1150 3839 1275 3907 deprecor
1292 3840 1329 3906 Β,
1354 3854 1414 3907 prs·

284 3937 327 3976 cor
350 3923 475 3980 LPTVt
579 3927 612 3980 19
639 3927 796 3981 reclametur
818 3926 846 3981 L
948 3924 984 3978 20
1007 3925 1055 3994 mi]
1074 3925 1142 3980 mihi
1161 3924 1247 3980 BLV
1346 3925 1414 3979 effu·

283 4008 389 4065 sissima
415 4010 443 4065 L
556 4012 592 4067 21
617 4012 791 4067 salutationis
814 4028 911 4067 munus
933 4012 963 4075 b
989 4028 1086 4067 munus
1111 4026 1210 4100 munus
1236 4010 1413 4067 salutationis

284 4113 312 4166 Β
411 4113 670 4184 22rolegionomB
772 4114 1012 4200 abmeamicei'
1112 4086 1307 4171 edomat
