2992 4967
446 357 680 425 Epistularum
699 356 788 411 liber
804 354 866 411 VII.

612 648 700 715 XVI.

462 798 645 857 ENNODIVS
671 800 848 857 ocaeano.

134 925 223 991 Solet
246 942 463 1008 prosperorum
486 924 600 991 indicia
616 918 792 1009 dispergere
807 929 955 991 sermonis
970 925 1104 991 iucunda
1126 925 1214 991 iesti-

88 1030 191 1108 uitae,
219 1028 292 1094 dum
317 1012 462 1111 quicquid
484 1026 558 1093 boni
580 1027 723 1093 facundis
747 1028 911 1093 accesserit
932 1046 1083 1111 germana
1105 1028 1214 1111 gandi·

64 1153 183 1199 eornm
205 1153 260 1217 per
282 1132 411 1218 populos
432 1149 508 1197 noce
531 1132 688 1197 discurrit.
723 1130 847 1197 facilius
871 1131 920 1196 est
941 1130 1046 1215 ignem
1067 1132 1101 1195 in
1122 1150 1214 1215 pyras

90 1236 267 1303 animatum
300 1236 410 1319 lingua
444 1238 648 1319 conprimere,
686 1254 778 1318 quam
808 1235 971 1300 silentium
999 1234 1080 1299 inter
1108 1238 1214 1318 optata

90 1355 226 1405 seruare.
249 1338 453 1405 humanitatis
476 1338 524 1403 lex
548 1346 595 1405 est
625 1342 656 1404 et
678 1346 809 1404 naturae
832 1338 998 1420 imperinm
1021 1338 1213 1405 hilaritatem

90 1445 206 1508 mentis
223 1444 331 1525 opibus
353 1443 529 1525 scriptionis
546 1442 687 1508 effluere:
703 1445 851 1508 emanant
866 1442 949 1508 enim
964 1441 1015 1507 uel
1031 1443 1059 1506 si
1074 1442 1214 1506 artantur

90 1546 227 1613 secunda
256 1546 463 1611 conclauibus.
498 1547 606 1612 sedin
626 1546 840 1628 magnitudine
865 1549 985 1625 uestra,
1019 1546 1100 1610 sicut
1127 1545 1213 1609 aetas

51 1667 171 1715 incana
193 1650 241 1713 est
262 1650 388 1731 pudoris
411 1652 442 1713 et
465 1648 611 1714 scientiae
634 1650 705 1713 dote
734 1650 963 1727 maturescens,
986 1648 1032 1713 ita
1059 1646 1213 1713 laetitiam

90 1751 186 1816 irenis
201 1751 420 1817 moderationis
437 1750 641 1835 adstringitis.
659 1752 712 1815 sed
725 1749 876 1833 numquid
887 1750 922 1816 in
933 1750 1081 1816 damnum
1094 1752 1213 1833 gratiae

88 1855 256 1937 disciplina
279 1852 370 1920 debet
391 1870 547 1920 excurrere
570 1858 601 1919 et
625 1853 682 1919 hoc
703 1853 804 1919 minui
829 1856 999 1920 amicorum
1023 1853 1212 1936 diligentiae,

90 1959 173 2041 qnod
196 1959 234 2022 ad
257 1977 379 2023 morum
401 1959 582 2023 ornamenta
603 1958 763 2023 sociatur?
807 1958 950 2039 quamuis
972 1960 1129 2023 monetam
1152 1956 1212 2021 La-

90 2060 183 2126 tiaris
206 2060 399 2142 eloquentiae
422 2062 544 2139 toneas,
575 2078 635 2125 non
657 2062 744 2141 potes
767 2060 873 2124 tamen
896 2060 1036 2124 inuenire
1064 2060 1212 2144 quemad·

52 2164 219 2231 sennodum
240 2163 307 2227 iure
331 2162 450 2229 factum
473 2164 605 2239 adseres,
638 2162 719 2243 quod
743 2162 918 2247 expectanti
933 2163 1012 2227 mihi
1034 2161 1129 2227 narba
1151 2179 1211 2226 non

90 2266 213 2331 trionis.
249 2266 336 2331 decet
358 2283 430 2351 ergo
452 2264 600 2329 beneficia
622 2284 756 2348 superna
778 2266 843 2329 sola
868 2265 1045 2330 amantibus
1068 2266 1212 2347 opinione

89 2368 230 2433 nuntiari
247 2374 278 2433 et
291 2369 328 2433 de
341 2368 441 2434 solida
452 2368 661 2451 gratulatione
674 2368 830 2451 trepidare
845 2370 966 2453 gaudiis
978 2367 1042 2433 iarn
1055 2368 1212 2450 potitum?

88 2472 148 2537 hac
178 2490 233 2557 ego
263 2472 443 2537 necessitate
467 2490 597 2553 puerum
621 2471 735 2547 direxi,
765 2473 818 2552 qui
840 2489 901 2535 non
923 2472 1066 2553 reposcat
1087 2470 1211 2553 scripta,

88 2574 142 2639 sed
167 2573 276 2657 erigat.
302 2574 400 2639 nostis
423 2594 500 2658 quae
516 2574 558 2639 sit
580 2575 696 2639 fidncia
711 2572 896 2655 simpliciter
911 2573 1081 2649 amantum,
1106 2591 1213 2638 eorum

49 2700 78 2741 ao
87 2678 263 2760 praecipue,
280 2696 411 2759 quorum
426 2696 512 2761 spem
527 2678 669 2741 retinetis
685 2678 806 2759 gratiae
823 2676 1027 2758 promissione
1041 2675 1210 2741 firmatam,

91 2782 216 2846 domine
237 2779 298 2857 mi,
332 2780 555 2845 salutationem
584 2779 800 2865 plenissimam
823 2780 928 2844 dicens
956 2795 1083 2859 quaeso,
1114 2780 1150 2841 ut
1180 2781 1211 2840 et

89 2886 266 2967 frequentes
290 2888 322 2947 et
344 2900 404 2948 non
426 2883 460 2946 in
482 2887 584 2949 artum
607 2887 729 2947 coactas
746 2882 891 2964 epistolas
914 2879 1084 2945 destinetis.
1107 2878 1212 2943 uidete

89 2986 187 3053 animi
217 2989 276 3051 mei
306 2985 524 3051 securitatem:
557 2985 691 3068 prolixas
728 3002 818 3067 posco
849 2985 994 3067 paginas,
1028 2981 1083 3065 qni
1113 2982 1212 3047 adhuc

87 3090 192 3156 nullas
216 3088 328 3171 accepi.

138 3368 212 3423 XVI.
247 3370 264 3422 2
290 3372 357 3423 item
380 3367 507 3423 ennodius
531 3368 613 3422 LTV
712 3368 729 3421 3
756 3367 870 3421 iocunda
893 3366 1025 3423 BLTVb
1127 3368 1145 3419 4
1172 3364 1213 3418 ia·

85 3460 179 3519 condis
205 3462 239 3518 T¹
342 3464 485 3517 adcesserit
507 3462 535 3517 B
638 3462 760 3531 germina
785 3461 813 3516 L
912 3462 932 3515 o
958 3460 1090 3515 discurret
1115 3460 1143 3516 B

85 3562 129 3613 est
147 3574 198 3613 om.
217 3558 243 3612 Τ
342 3558 414 3626 pirus
434 3559 460 3612 T
559 3555 909 3625 Sartentur1ancrtantnr
929 3556 954 3607 d·
1052 3556 1153 3623 tlaecp.
1171 3570 1211 3608 se·

87 3652 176 3708 cunda
193 3652 220 3707 Β
244 3666 276 3706 m.
295 3666 348 3708 ree.
366 3651 509 3718 foecunda,
536 3650 699 3705 foecundet
803 3651 839 3703 10
860 3650 1034 3703 maturiscens
1058 3646 1141 3703 Blstt

88 3749 120 3803 11
150 3746 340 3801 moderationis
367 3746 455 3813 (mode
476 3748 507 3801 io
524 3762 578 3801 roe.
603 3748 678 3801 cocio
701 3745 788 3801 irenis
803 3761 837 3798 m.
851 3748 877 3811 1)
907 3744 934 3797 V
1035 3741 1211 3811 adstringctis

85 3842 136 3897 Bo
240 3842 385 3909 dampnum
404 3840 489 3897 ΜΨ
587 3840 619 3895 13
643 3840 762 3897 sociatur
779 3855 812 3894 ecc
830 3840 932 3894 sciatur
950 3837 977 3892 L
1079 3838 1210 3893 monitam

86 3962 136 4016 Bb
234 3960 464 4031 repetendarum
483 3961 518 4025 B,
549 3964 638 4031 potest
656 3960 783 4015 tament
881 3961 913 4014 15
931 3960 1098 4027 exspectanti
1119 3959 1146 4013 V

86 4056 120 4110 l'l
138 4056 266 4126 potitum]
284 4058 373 4126 positu
390 4057 417 4111 L
512 4057 672 4126 18111111
688 4057 765 4111 Bao
855 4071 919 4124 ergo
941 4055 993 4111 TV
1084 4055 1118 4109 20
1136 4071 1209 4123 prac-

85 4178 179 4245 cipnao
201 4176 229 4233 B
340 4179 371 4231 21
396 4194 423 4230 m
449 4178 479 4243 T,
511 4176 579 4231 mihi
601 4177 704 4233 BLVb
816 4190 898 4245 quaec
927 4174 1011 4229 ΜΨ
1117 4176 1149 4227 nt
1172 4174 1209 4241 et]

86 4269 150 4325 ntt
254 4269 288 4324 22
306 4274 411 4325 arctum
427 4271 477 4325 Bb
