2992 4967
655 359 767 431 Magni
784 359 912 415 Felicis
928 359 1064 414 Ennodi

788 547 924 616 xvim.

682 679 865 741 mensus
890 683 1038 765 unusne.

343 811 406 878 Dee
427 812 555 896 gratiss,
578 810 630 894 qui
652 810 737 874 iurtn
759 806 912 874 densioris
932 825 1011 886 mse,
1035 825 1074 873 ne
1098 806 1262 892 annuntio
1284 805 1325 872 sb
1346 807 1427 874 seri·

299 913 404 998 ptione
424 913 605 995 temperem,
627 911 788 996 negotiose
812 909 886 977 tuoit
906 929 974 977 esse
995 909 1175 992 eenloqnie:
1201 909 1307 992 petest
1335 909 1425 976 enim

300 1017 332 1082 st
353 1014 495 1082 utilitati
507 1017 649 1098 prodesse
672 1010 755 1097 qnod
777 1011 875 1096 exigit
894 1010 943 1079 uis
964 1012 1087 1078 suroris.
1121 1010 1261 1094 proinde,
1284 1010 1424 1090 domins,
1446 1033 1459 1074 s

298 1115 413 1186 inditis
443 1135 535 1184 mese,
562 1114 746 1184 ualitudinis
778 1114 895 1182 nuens
932 1113 1078 1198 iepneeur
1109 1132 1242 1198 puerum
1276 1116 1425 1182 uestrum

299 1221 490 1290 Germanum
519 1219 685 1298 nonbnlo,
720 1217 774 1300 qni
804 1219 877 1282 unte
897 1217 1066 1283 trienninm
1089 1215 1192 1302 lupeno
1213 1217 1272 1301 est,
1294 1234 1346 1282 me
1368 1235 1425 1282 su·

298 1321 399 1406 spinos
420 1321 585 1403 inuenisse,
608 1324 645 1390 de
659 1337 718 1404 que
733 1318 909 1386 indienlum
924 1319 1095 1386 destiusui:
1111 1321 1165 1403 qui
1181 1321 1209 1385 si
1222 1337 1298 1386 uere
1316 1321 1424 1386 nester

298 1427 356 1506 est,
378 1429 501 1492 mature
524 1425 680 1509 sequendo
703 1440 900 1506 oopuoseum.

823 1611 893 1678 XX.
1433 1633 1457 1674 ss

680 1745 864 1803 munnulus
890 1743 1037 1802 FAVSTO.

341 1869 569 1954 Multiplieibus
585 1869 776 1938 annotatoris
798 1869 896 1936 uestri
916 1868 1029 1936 adfinis
1042 1869 1102 1934 mei
1120 1867 1235 1934 Inliuni
1256 1867 1421 1953 negotium

296 1971 476 2040 nussum
497 1972 618 2040 luberet
637 1972 776 2052 insidiis,
798 1972 854 2056 qni
882 1973 922 2038 nsi
943 1971 1104 2054 querelem
1124 1970 1344 2036 tnnmmodo
1364 1989 1421 2054 pe·

297 2075 392 2140 retus·
404 2073 442 2140 de
463 2074 572 2144 indieii
594 2075 778 2159 integrius
798 2073 931 2141 diffidit:
953 2073 1035 2140 uitet
1056 2091 1134 2156 quse
1157 2073 1247 2155 optut
1267 2072 1421 2140 eruminn

298 2191 373 2242 unns
385 2177 548 2260 postquem
571 2177 773 2261 nescioquod
793 2179 994 2261 praeseptum
1013 2176 1053 2242 ud
1070 2173 1221 2242 (inuisum
1241 2173 1454 2242 exhibuisses

297 2276 494 2361 perhibetur,
528 2279 705 2362 proedintus
726 2281 856 2364 supplex
882 2280 990 2345 uester
1017 2280 1057 2345 so
1088 2278 1331 2345 Mediolanensis
1362 2278 1422 2344 fori

297 2381 489 2450 audientium
510 2401 580 2449 mer
603 2382 740 2450 ouennit
761 2385 795 2448 et
815 2400 871 2465 per
893 2380 1027 2466 triginta
1047 2382 1103 2446 out
1124 2381 1333 2464 qusdrspiutn
1353 2381 1421 2446 dies

296 2484 506 2570 praesentium
527 2503 615 2552 sunus
643 2485 785 2570 publieo,
817 2484 901 2552 sient
932 2484 1111 2567 opertebat,
1143 2482 1278 2568 ingemit
1297 2483 1421 2550 iudicis

298 2589 488 2656 eenteststus
511 2589 559 2656 est
578 2589 682 2674 ipsum
704 2585 867 2673 (isuiesm,
890 2588 943 2671 qui
965 2587 1128 2654 ernustus
1149 2585 1349 2653 senonim
1372 2587 1423 2652 in·

295 2689 418 2773 pulsor:
435 2695 483 2758 ,nt
503 2691 685 2774 suseeptum
704 2709 799 2757 snum
826 2690 866 2758 eu
886 2688 1004 2756 indicis
1024 2688 1210 2768 testinuet,
1242 2688 1454 2756 simonuitm

296 2795 444 2860 domnum
472 2812 591 2878 queque
615 2791 881 2872 Tsesemundnm,
912 2793 995 2858 sieut
1016 2810 1052 2858 ex
1072 2791 1188 2858 litteris
1209 2791 1307 2874 ipsius
1330 2794 1421 2876 pots·

296 2895 366 2961 ritis
389 2913 568 2980 agnoscere,
592 2895 668 2961 feeit
688 2895 776 2961 seire
816 2893 871 2960 sed
891 2894 972 2962 nihil
1000 2895 1083 2979 spnd
1111 2912 1183 2961 eum
1204 2894 1341 2979 prefuit,
1370 2895 1422 2960 eni

296 2997 379 3063 suine
399 2997 536 3063 letebme
563 3000 597 3063 in
618 3015 712 3063 enum
733 2997 849 3064 misere
870 3000 998 3080 pessunt
1020 3015 1087 3062 esse
1107 2996 1256 3062 remedie.
1278 3015 1335 3080 pro
1358 3015 1420 3080 que

295 3115 377 3183 roge,
400 3116 588 3182 quemquem
611 3100 694 3183 upnd
715 3119 772 3166 uos
793 3098 938 3184 preoitus
960 3118 1038 3182 opus
1059 3117 1122 3166 uon
1144 3103 1201 3180 est,
1232 3100 1419 3183 ubicumque

295 3201 411 3266 ueritus
432 3202 613 3281 innotescit,
646 3201 720 3286 quin
749 3202 855 3268 omnis
878 3201 972 3267 huius
997 3202 1043 3268 rei
1071 3203 1283 3268 instrumente
1312 3203 1453 3268 trans-ss

345 3437 654 3496 levantium
745 3438 973 3494 mesossStm.
1067 3441 1216 3496 uenss.B
1301 3441 1419 3510 eserip

294 3527 368 3581 tione
385 3523 437 3592 Po,
465 3525 643 3595 suscriptione
659 3525 687 3580 Β
782 3524 905 3594 oexepis
921 3525 951 3580 Β
1044 3527 1086 3582 uis
1103 3525 1219 3596 BM'V,
1244 3527 1289 3581 ins
1307 3527 1364 3590 Po,
1382 3526 1418 3593 cf.

290 3626 321 3682 p.
339 3613 413 3678 81,6
503 3611 520 3666 e
537 3609 638 3666 inditis
653 3608 710 3666 Β7
803 3611 819 3663 7
838 3609 944 3682 einpsus
960 3611 1028 3681 sort.
1122 3611 1140 3667 8
1157 3608 1304 3668 indisolnru
1322 3610 1350 3666 Β

294 3697 351 3767 qui]
368 3712 421 3768 quo
436 3698 501 3765 fort.
604 3697 620 3752 9
641 3697 777 3767 sequunds
794 3693 824 3753 Β

344 3799 405 3857 XX.
439 3799 473 3859 12
489 3799 652 3856 numanus
669 3803 695 3870 (s
711 3802 744 3856 s'ss
758 3801 828 3870 sue.)
845 3799 874 3854 Β
975 3801 1009 3856 18
1026 3799 1173 3873 querellsm
1189 3800 1217 3854 Β
1324 3801 1356 3856 15
1372 3817 1418 3855 ue·

293 3885 382 3955 gissus
398 3885 438 3960 Βξ
513 3955 516 3960 Δ
540 3885 690 3944 exhibuisse
706 3886 815 3954 (exhibo
831 3885 942 3954 ieros.)
963 3885 994 3953 Τ,
1022 3885 1155 3942 enituisse
1171 3885 1199 3942 Β
1212 3891 1276 3956 pest
1292 3901 1348 3942 ros.

294 3969 480 4041 repudiosas
498 3970 526 4027 Β
628 3973 660 4028 17
681 3971 816 4028 nononrrit
833 3970 877 4026 Po
978 3985 1039 4028 m
1056 3975 1105 4028 ent
1121 3986 1159 4027 η
1176 3971 1204 4028 Β
1308 3973 1342 4029 18
1358 3988 1417 4042 pre·

294 4055 409 4112 sentim
427 4057 455 4114 Β
555 4057 676 4130 pubiieo]
693 4057 796 4128 suplioo
818 4059 844 4114 Y
943 4058 978 4114 19
999 4058 1171 4116 seminetur
1192 4058 1220 4115 Β
1320 4061 1354 4116 21
1371 4060 1416 4114 do·

293 4143 398 4198 minum
415 4141 445 4199 Β
528 4143 742 4200 Μηπιιᾱιιιι
755 4148 785 4214 (ιι
797 4149 878 4214 esus.)
896 4143 924 4200 Β
1012 4145 1115 4202 lietesis
1133 4147 1174 4202 Β·
1190 4151 1223 4204 ss
1234 4146 1348 4204 ssim

293 4261 324 4319 21
345 4229 1038 4336 wfflVms.t.w.avfflemn1
1132 4266 1371 4323 ibinuetiseitB
