2992 4967
272 354 333 420 184
625 350 740 420 Magni
759 348 887 405 Felicia
904 350 1035 405 Enncdi

270 544 360 627 seire,
383 544 475 626 quia,
499 545 640 625 quamuis
663 560 681 607 a
702 562 754 607 me
775 561 944 625 numquam
968 543 1013 608 sis
1034 542 1130 624 uisas
1147 542 1341 625 cognosceris
1365 548 1397 607 et

269 646 434 715 adorandis
447 647 565 711 inserta
576 644 785 711 monumentis
796 646 900 711 radice
911 646 1009 711 animi
1019 644 1085 710 iam
1100 648 1225 713 teneris.
1240 648 1397 729 scriptum

270 750 333 826 est,
364 748 552 813 meministi:
574 748 744 813 laudent
766 752 803 813 te
825 750 991 831 proximi
1012 751 1080 814 tui.
1124 768 1198 813 nere
1220 751 1288 815 sola
1315 750 1397 813 milri

270 851 385 918 uellem
409 870 503 917 causa
525 851 670 916 existeret
693 850 814 919 Gallias
837 853 1008 933 expetendi,
1037 854 1073 916 ut
1094 864 1167 917 cum
1188 852 1302 917 domno
1324 870 1396 917 meo

268 954 465 1039 presbytero,
495 954 618 1037 utrique
640 954 816 1019 osculantes
838 971 949 1019 manus
972 952 1004 1017 et
1026 953 1132 1019 oculos
1153 955 1234 1032 tuos,
1266 954 1431 1020 beatams

269 1061 301 1121 te
334 1060 367 1124 in
396 1060 507 1141 quauis
536 1056 711 1123 adflictione
745 1057 894 1141 temporis
926 1056 1135 1123 redderemus.
1180 1058 1307 1123 domina
1341 1062 1396 1135 mi,

273 1164 400 1245 propter
422 1165 502 1246 quod
524 1162 695 1228 mittuntur
710 1160 870 1246 epistolae,
892 1178 1017 1244 corpore
1031 1178 1083 1225 me
1096 1160 1201 1225 ualere
1216 1162 1397 1245 significans

271 1267 487 1349 prosperitatis
514 1269 638 1332 uestrae
660 1266 779 1330 statum
801 1265 940 1346 requiro,
969 1264 1136 1345 deprecans
1165 1268 1197 1327 et
1223 1284 1278 1347 per
1301 1266 1399 1330 deum

272 1367 448 1448 coniurans,
478 1388 517 1434 na
539 1386 688 1451 umquam
711 1368 791 1432 mihi
811 1368 986 1432 orationum
1013 1367 1188 1431 uestrarum
1215 1368 1399 1432 adiumenta

272 1470 442 1555 denegetis
1407 1494 1431 1533 m

796 1590 866 1656 XV.

639 1727 823 1783 ENNODIVS
847 1726 1024 1783 sonuum.

311 1834 376 1897 Deo
398 1832 534 1915 gratias,
564 1832 618 1914 qui
646 1832 728 1897 eirea
755 1831 1002 1914 magnitudinem
1030 1836 1168 1897 uestram
1189 1832 1262 1897 licet
1284 1835 1396 1915 protu-

271 1935 346 2002 lerit
360 1935 476 2019 cupita,
492 1954 554 2001 non
568 1934 714 2016 reppulit.
738 1935 853 1999 etenim
868 1954 906 1999 ne
922 1934 997 1999 fides
1010 1934 1162 2001 claudicet
1177 1935 1396 2019 supplicantis,

270 2038 423 2105 desideria
446 2036 640 2119 differuntur,
663 2039 737 2120 quia
760 2039 944 2103 deuenustat
969 2041 1133 2105 secuturae
1155 2037 1325 2103 hilaritatis
1340 2056 1429 2119 ge-re

271 2144 357 2208 nium
379 2141 469 2207 uelox
491 2141 680 2223 impetratio.
710 2143 743 2205 et
763 2159 819 2207 uos
846 2140 973 2224 quidem
994 2142 1125 2206 honores
1148 2140 1308 2219 meruisse,
1331 2159 1396 2206 uon

270 2247 393 2327 optasse
415 2245 617 2309 manifestum
641 2248 698 2309 est.
736 2246 791 2309 sed
812 2246 996 2327 praecedens
1019 2244 1213 2309 concinnatio
1235 2244 1396 2327 eloquitur

269 2350 342 2415 uota
365 2348 561 2431 diligentum.
594 2349 682 2414 uouit
700 2350 894 2430 omnipotens
916 2352 948 2413 et
970 2349 1090 2432 generis
1112 2348 1212 2413 uestri
1229 2347 1300 2412 luce
1322 2367 1396 2431 per-

270 2453 373 2514 motus
396 2454 428 2515 et
449 2454 568 2533 gratiae
592 2470 685 2533 quam
706 2451 840 2534 polliciti
862 2453 938 2517 estis
960 2450 1114 2517 inuitatus
1142 2451 1273 2515 fiducia:
1303 2470 1396 2533 prae·

271 2551 365 2618 cessit
386 2552 420 2617 in
441 2554 596 2637 prosperis
625 2555 739 2620 uestris
761 2554 908 2638 quicquid
930 2572 985 2619 uos
1008 2553 1174 2635 disciplina
1198 2554 1252 2616 aut
1274 2554 1430 2618 rationare

270 2654 432 2722 cohibetis.
471 2656 629 2723 sufficiant
651 2657 683 2723 in
713 2657 832 2723 iuribus
862 2656 972 2721 stricta
1001 2656 1176 2739 conloquia:
1209 2658 1396 2737 respondete

272 2757 310 2823 de
332 2760 540 2843 prosperitate
561 2762 666 2825 uestra
688 2760 833 2841 sollicito,
856 2757 1001 2841 quamuis
1023 2756 1061 2823 de
1079 2775 1183 2823 amore
1206 2776 1267 2822 non
1284 2758 1393 2825 dubio.

268 2860 394 2927 domine
416 2863 469 2941 mi,
493 2861 692 2928 salutationis
714 2862 912 2943 plenissimae
935 2860 1083 2943 obsequia
1105 2861 1280 2943 dependens
1305 2862 1395 2927 litte-

270 2982 376 3029 rarum
398 2965 584 3048 portitorem
606 2964 797 3039 commendo,
821 2966 894 3045 qnia
908 2963 988 3029 mihi
1003 2964 1063 3030 fide
1086 2968 1118 3028 at
1133 2964 1296 3030 honestate
1320 2984 1394 3032 con-

269 3068 376 3148 pertus
399 3071 461 3147 est,
486 3068 592 3133 uolens
622 3069 776 3133 uniuersis
799 3067 874 3151 quid
901 3067 1088 3151 dignationis
1111 3071 1232 3133 uestrae
1260 3069 1428 3136 habeam„

272 3188 333 3235 non
355 3172 461 3250 taceri,
484 3175 520 3235 ut
543 3175 702 3253 sperantes
725 3174 762 3235 de
779 3171 952 3235 eommunis
967 3171 1086 3253 gratiae
1101 3189 1200 3236 messe
1215 3175 1391 3252 pascantur.

371 3326 388 3379 e
407 3324 485 3381 arou.
503 3325 546 3391 ar,
564 3324 581 3378 e

323 3466 336 3519 1
361 3464 408 3533 sis]
434 3479 462 3517 se
480 3463 528 3517 Bb
630 3464 646 3517 2
670 3464 843 3518 monimentis
860 3465 902 3531 (ni
919 3480 953 3518 ec
970 3481 1006 3518 nu
1024 3471 1106 3530 corr.)
1123 3464 1151 3519 L
1253 3465 1271 3519 3
1294 3466 1391 3520 lauden

272 3551 299 3606 1.
392 3550 502 3605 duelim
514 3550 577 3616 Bu,
596 3548 688 3603 uellim
701 3549 740 3603 Β1
836 3550 943 3604 domino
958 3550 1003 3605 Te
1095 3548 1285 3619 5praeabiter0
1298 3551 1326 3604 Β

270 3638 342 3691 limi
358 3638 464 3705 scripsi,
491 3634 558 3691 mihi
577 3634 702 3690 BLTVb
798 3636 1005 3707 laepistolaeB
1099 3636 1325 3706 8depraecansB

270 3724 377 3791 Sitque
395 3723 430 3787 L,
458 3738 557 3791 uquam
575 3720 603 3777 B

320 3825 375 3878 XV.
414 3826 446 3881 13
470 3830 586 3881 uestram
610 3828 828 3895 magnitudinem
850 3829 877 3882 Τ
987 3829 1020 3882 14
1043 3828 1145 3897 repulit
1167 3828 1235 3894 BT,
1265 3826 1394 3895 reppullit

270 3910 297 3965 L
401 3912 434 3964 16
461 3913 624 3967 meruisset
643 3916 751 3983 optasse
774 3914 801 3969 L
906 3914 937 3967 17
963 3914 1139 3969 manifestum
1156 3914 1182 3967 L
1205 3928 1268 3967 man
1287 3915 1318 3966 in
1335 3929 1393 3968 rae.

268 3996 422 4050 minoribns
439 3996 538 4051 litteris
641 3999 672 4052 18
700 3998 874 4067 diligentium
901 4000 984 4055 LTV
1086 3998 1118 4054 19
1141 3999 1216 4068 estis]
1235 4002 1277 4053 eet
1297 3999 1325 4051 Β

269 4081 397 4151 praecessi
416 4082 450 4149 Β,
478 4082 620 4171 praecessit
643 4083 669 4137 V
769 4086 803 4139 el
821 4085 957 4140 cohabetis
975 4086 1024 4140 Bb
1126 4086 1222 4139 stricta
1239 4086 1393 4153 suscripta

270 4186 298 4240 Β
383 4185 558 4256 respondente
573 4187 616 4241 Bb
713 4186 746 4242 23
759 4186 827 4241 mihi
840 4188 942 4242 BLVb
1037 4186 1182 4243 attense
1277 4186 1393 4240 decom·

270 4272 390 4327 muniT
