2992 4967
253 330 289 377 vl

252 499 396 581 idemque
419 498 462 563 sis
485 502 533 563 est
555 496 681 565 habitus
699 532 739 545 -
754 496 931 561 manuscrit
945 496 968 561 ὰ
983 497 1065 561 deum
1086 498 1228 563 rotome
1241 519 1281 564 en
1303 499 1379 567 butte

252 600 405 667 ontnusote
426 601 528 665 ttrorrt
550 619 607 665 sur
630 600 663 667 tn
682 597 837 682 yottttqsre,
859 618 931 665 noes
944 599 1090 665 initiales
1102 600 1234 667 sotertes
1248 606 1277 666 et
1290 603 1379 668 titres

252 704 408 771 dt'euore
436 722 546 787 rouqes
580 704 715 787 outnlogi
744 705 818 769 eunt
847 703 942 769 uerba
962 704 1003 768 ds
1028 703 1161 786 singulis
1188 706 1305 772 iterate
1325 740 1377 787 ·-,

253 808 298 874 ite
320 808 458 873 eiusdem
480 811 553 873 eunt
575 806 713 892 originis,
742 807 776 873 in
793 806 985 872 monasterio
1005 806 1115 873 (tiores
1137 807 1239 874 Vallis
1260 810 1377 892 scripti.

253 929 353 993 neque
375 913 481 977 temen
503 928 581 993 quus
604 909 734 994 quisque
749 927 856 975 eorum
871 926 956 975 nuno
970 912 1114 987 eontinet,
1136 910 1213 975 olim
1234 912 1379 994 seperate

255 1014 288 1079 st
308 1034 364 1097 per
383 1032 415 1078 ee
431 1013 605 1092 exstabunt,
628 1013 683 1079 sed
698 1015 736 1079 sb
758 1013 848 1078 initio
865 1012 1091 1095 quaterniones,
1112 1012 1146 1077 id
1170 1016 1250 1095 quod
1273 1034 1378 1080 eorum

254 1116 345 1199 signe
367 1118 526 1201 euineunt,
556 1114 615 1183 hoo
642 1114 748 1181 ordine
778 1134 844 1181 sese
869 1119 1062 1199 exsepemut.
1097 1115 1253 1198 descripta
1275 1121 1378 1183 numm

253 1222 326 1285 sunt
348 1219 530 1287 Enuodienu
552 1238 630 1303 ques
652 1224 716 1284 tros
738 1218 858 1285 eodioss
882 1220 1041 1285 continent
1056 1238 1075 1285 n
1088 1220 1220 1285 diuersis
1242 1220 1378 1287 librariis

253 1340 290 1389 er
327 1340 388 1389 uno
424 1322 608 1406 archetypo,
651 1324 738 1388 onius
774 1321 910 1404 aequetis
945 1321 1065 1387 indoles
1102 1322 1265 1405 seripturis
1302 1323 1378 1389 setis

254 1425 458 1509 cognoscitur.
491 1427 584 1508 etque
605 1425 640 1491 id
663 1428 782 1491 certum
806 1425 864 1503 est,
887 1424 992 1489 minus
1014 1428 1131 1490 eertum
1155 1425 1231 1506 quid
1253 1426 1291 1491 de
1313 1442 1378 1491 eor-

257 1529 386 1595 reoturis
420 1530 570 1611 oodieum,
606 1546 685 1612 ques
708 1546 771 1593 non
792 1527 932 1611 ipsomm
961 1528 1201 1595 describentium
1234 1529 1380 1595 menibus

254 1630 355 1697 fustes
377 1644 461 1715 sunt,
484 1634 652 1699 sistuntur.
676 1651 747 1697 oum
764 1633 846 1697 enim
868 1632 933 1696 tres
948 1630 1068 1695 oodioes
1083 1649 1143 1697 non
1158 1648 1227 1697 nne·
1244 1635 1379 1697 treetnro

255 1733 374 1813 liceret,
405 1737 562 1803 sedunus
588 1739 658 1819 post
686 1736 821 1801 ultorum
845 1733 1062 1800 vindobonam
1084 1735 1274 1813 mitteretur,
1297 1734 1378 1817 quod

254 1838 314 1904 nisi
344 1840 493 1905 noeurnte
519 1839 735 1923 frequentique
764 1836 993 1920 comparatione
1018 1837 1139 1904 definiri
1160 1838 1279 1921 nequit,
1303 1856 1378 1903 num

255 1942 355 2009 altere
365 1960 486 2022 menne,
503 1960 581 2027 quse
595 1941 851 2025 oonspieiebetur,
864 1960 919 2025 per
929 1958 1038 2007 omnes
1049 1940 1167 2008 codices
1179 1958 1243 2005 nne
1254 1940 1378 2005 eudem-

253 2062 312 2126 que
328 2046 549 2113 correctionem
565 2046 728 2125 onrenerit,
744 2044 848 2111 diuers
863 2062 923 2109 non
939 2061 1073 2127 possum.
1090 2046 1174 2109 uerte
1189 2062 1224 2110 ss
1240 2044 1378 2109 eiusdem

256 2146 318 2215 teus
340 2150 489 2232 temporis
512 2148 678 2215 uidebetnr
700 2152 731 2213 et
754 2166 831 2231 ques
859 2146 1038 2232 suppeditet
1067 2146 1235 2230 scripturae
1256 2164 1319 2211 non
1343 2166 1380 2211 er

254 2254 382 2337 antiquo
404 2252 483 2319 libro
506 2252 664 2336 deperdito
686 2252 816 2317 haustas
837 2270 903 2318 sese
918 2253 1027 2336 postes
1041 2253 1267 2317 demonstrabo.
1290 2268 1379 2333 prns-

254 2359 339 2421 tsrsn
362 2359 425 2421 tres
451 2354 574 2423 ,codices
604 2353 843 2439 conpendiomm
873 2353 1077 2421 multitudine
1098 2357 1129 2419 st
1150 2353 1323 2438 figurarum
1345 2354 1379 2418 in

255 2458 336 2524 huno
364 2478 456 2523 neum
486 2457 696 2523 adhibiturum
724 2456 854 2523 raritate
882 2456 1001 2539 pariter
1028 2457 1166 2540 insignes
1189 2457 1273 2540 eunt,
1296 2458 1380 2521 unde

253 2561 403 2629 librorum
425 2579 504 2627 seeo.
520 2560 708 2641 le-XV,
732 2560 786 2644 qui
802 2578 837 2626 ox
852 2560 896 2626 eis
913 2559 963 2625 uel
978 2559 1080 2627 oodioe
1095 2560 1229 2625 maxims
1246 2561 1381 2644 cognato

254 2663 406 2751 originem
421 2668 582 2743 duxerunt,
605 2665 755 2748 permulti
770 2664 963 2748 explicentur
979 2680 1106 2730 errores.
1129 2664 1175 2728 sie
1197 2665 1380 2730 bronientur

254 2786 280 2833 e.
303 2788 335 2851 g.
360 2770 461 2833 oet:
477 2773 566 2851 arete,
592 2770 635 2837 tis
651 2796 690 2827 =
707 2772 789 2846 terso,
813 2770 904 2834 bd:
921 2770 1009 2848 bono,
1031 2771 1124 2831 od:
1140 2786 1248 2845 conso,
1272 2769 1326 2833 sod
1340 2796 1379 2825 --

254 2901 428 2973 emmom,
455 2872 560 2957 cetone
576 2918 616 2949 π
633 2890 861 2967 nmmum,
882 2888 954 2955 see
970 2914 1010 2945 =
1025 2886 1177 2971 neten,
1200 2887 1258 2953 uer
1274 2915 1314 2947 =
1329 2890 1380 2954 er-

254 3013 345 3089 esmt,
372 2996 411 3075 dt
429 3038 468 3068 .-·.
492 3010 625 3091 dieitur,
653 3009 717 3091 feris
733 3034 773 3067 =
788 3008 924 3092 foetum,
952 2994 990 3090 ft
1008 3032 1049 3065 ==
1062 3008 1150 3090 fieri,
1177 2989 1255 3093 b:
1270 3010 1382 3093 tydeo,

251 3113 499 3215 qtn=9torio,
527 3128 784 3215 ρΐάερναίᾰα,
813 3114 923 3194 stret
944 3126 1163 3195 nominoe
1191 3128 1301 3194 msere
1323 3130 1380 3195 na-

253 3250 332 3329 beos,
356 3250 450 3315 td:
463 3250 561 3329 tomo,
584 3249 668 3314 u:
683 3248 789 3326 troius,
812 3252 931 3315 min:
891 3248 1206 3329 -mtsertoordtaf
1192 3270 1283 3313 ere:
1294 3248 1383 3328 toste,

254 3352 443 3460 tmesi:
455 3350 753 3437 near-tenens*
671 3374 807 3417 mrm=
820 3356 1007 3438 martyrum,
1030 3357 1105 3417 is:
1118 3371 1183 3417 oon
1197 3352 1249 3417 nel
1266 3356 1381 3433 noster,

257 3494 366 3539 ·ee·-.
327 3470 476 3558 -eoins,
499 3462 578 3541 io:
595 3477 742 3557 naturae,
765 3475 924 3541 mocio:
936 3474 1122 3553 necessarie
1146 3474 1230 3556 offm
1247 3474 1382 3555 ofen-
1339 3500 1380 3512 -

254 3593 409 3677 officinm,
438 3610 548 3657 oro:
564 3593 679 3677 nasto,
709 3614 800 3659 os:
813 3612 934 3673 omnes,
958 3615 1042 3677 p:
1001 3610 1207 3674 meetseren
1227 3596 1380 3677 putta—
1338 3640 1381 3653 ..

247 3712 419 3796 parumn,
436 3694 608 3794 potam-
568 3738 608 3753 -·
617 3712 865 3797 philosophiam,
881 3734 984 3796 prore
993 3712 1132 3795 promus
1139 3715 1269 3796 pret..
1230 3740 1271 3753 -·
1231 3734 1382 3797 ..proe-

252 3834 336 3897 stare
351 3838 556 3913 praestamus
572 3840 725 3917 praestet,
750 3840 846 3917 pt:
855 3838 973 3915 potest,
998 3855 1089 3918 qs:
1049 3852 1308 3919 -qnnesumses,
1329 3835 1383 3899 ro'o

254 3978 293 4009 =
310 3952 403 4039 ratio,
425 3956 570 4020 rents:
586 3955 733 4039 rationis,
758 3956 909 4037 sopio:
925 3957 1094 4039 supientia,
1116 3940 1235 4023 soto:
1247 3954 1382 4021 seientia

256 4072 346 4154 (item
372 4076 510 4155 conecto,
540 4056 676 4158 inesto),
699 4076 782 4158 siquo
800 4099 841 4131 =
857 4075 1015 4158 siqnitco,
1037 4078 1077 4141 sis
1092 4103 1132 4133 =
1148 4076 1232 4161 stne,
1253 4077 1323 4157 epte
1339 4100 1380 4131 =

251 4192 379 4274 speeies,
409 4194 484 4259 siba
504 4220 544 4252 =
566 4194 714 4280 superba,
743 4174 835 4261 sotto
851 4222 891 4254 =
907 4196 1103 4276 substantio,
1135 4194 1191 4261 ew
1208 4220 1247 4253 =
1263 4194 1381 4279 sedulo,
