2992 4967
459 323 696 392 Epistularum
714 321 803 376 liber
820 317 856 374 11.
1176 321 1220 388 63

93 510 498 578 libertate'teatimonium:
533 514 575 575 ut
608 510 777 575 facerem
811 509 1066 575 uoluntatem
1098 514 1218 589 tuam,

50 611 54 621 '
91 616 189 680 deus
212 633 338 692 meus,
371 613 499 693 nolui,
538 616 571 678 et
592 611 683 678 alibi:
713 612 948 678 uoluntarie
970 611 1218 680 sacrificabo

90 716 186 796 cibi,
211 719 258 783 et:
281 719 377 783 uota
398 735 481 782 men
501 715 655 781 domino
671 715 846 793 reddam,
870 716 903 779 et
925 715 1053 782 iterum:
1079 720 1218 784 nouete

90 823 130 884 et
153 819 323 886 reddite.
352 818 433 884 illud
450 823 556 885 autem
571 819 656 886 beati
679 819 815 902 apostoli
838 833 898 900 quo
924 835 958 883 ee
979 820 1094 885 muniri
1122 821 1219 887 credit

68 923 269 1007 sexemplum
293 921 455 988 nobiscum
477 921 569 1006 iacit,
598 923 624 988 si
652 941 729 1006 quae
758 923 931 1004 sequuntur
958 923 1116 1003 aduertat,
1145 943 1219 990 cnm

87 1026 239 1092 inimicus
262 1027 464 1110 adrogantiae
496 1027 590 1093 dixit:
624 1028 759 1110 gratia
784 1027 847 1091 dei
868 1046 951 1092 anm
989 1031 1090 1111 quod
1118 1047 1215 1095 eum.

88 1149 165 1196 mox
189 1130 283 1211 enim,
305 1150 345 1195 ne
359 1133 405 1196 sic
420 1129 514 1216 ingan
529 1130 647 1215 gloriae
663 1131 851 1211 crederetur,
874 1132 913 1195 ut
933 1131 1027 1215 longo
1048 1131 1216 1200 interuallo

88 1235 260 1301 1111111111
283 1233 475 1314 descisceret,
499 1234 619 1318 sapiens
634 1234 821 1300 architectus
836 1235 994 1300 adiunxit:
1018 1237 1218 1302 abundan-

87 1340 176 1405 tius
193 1338 372 1404 omnibus
398 1337 579 1404 laboraui
594 1339 632 1402 et
647 1337 861 1420 gratiadei
881 1338 1217 1422 inmeegenanon

54 1441 180 1521 noluit,
194 1441 274 1524 quod
287 1440 399 1505 dixisse
412 1442 474 1506 est:
495 1439 636 1508 Christus
648 1443 840 1524 innncquem
852 1443 946 1524 digne
957 1442 1012 1506 aut
1022 1442 1216 1509 abundanter

85 1544 307 1612 muneraretur
329 1543 460 1608 inuenit
493 1560 555 1609 non
579 1543 663 1608 enim
685 1561 803 1630 pauper
825 1544 873 1609 eat
894 1544 1003 1610 diuina
1024 1544 1135 1630 matie,
1160 1546 1215 1611 sed

86 1650 274 1716 meritorum
294 1651 472 1713 nostrorum
489 1649 617 1730 putatur
629 1649 763 1728 quadam
784 1647 884 1713 macie
903 1649 957 1712 aut
969 1646 1110 1714 exilitate
1125 1649 1215 1712 tenu-

86 1753 145 1818 ari.
170 1771 248 1836 quse
279 1754 355 1816 tunc
376 1768 436 1816 non
459 1750 524 1816 suis
554 1752 741 1816 aestimatur
762 1750 917 1816 meatibus
946 1750 1059 1828 fluere,
1093 1753 1216 1833 quando

85 1857 127 1922 de
165 1855 230 1920 eius
267 1853 406 1919 cursibus
440 1852 598 1919 ariditatis
631 1857 757 1918 nostrae
791 1872 872 1918 uena
902 1853 948 1918 nil
976 1852 1100 1936 recipit.
1139 1873 1157 1920 o
1187 1855 1214 1919 si

52 1975 75 2014 rc
88 1958 271 2043 epistularis
303 1959 466 2040 pateretur
502 1957 649 2040 angustia
681 1975 842 2023 sacrorum
875 1957 1071 2024 uoluminum
1101 1976 1215 2026 arcana

86 2062 237 2128 reserari!
275 2064 328 2128 sed
350 2063 445 2128 timeo
468 2080 506 2126 ne
536 2062 590 2144 qui
613 2062 733 2128 nnllam
762 2063 879 2143 poterit
908 2061 964 2126 deo
986 2062 1158 2146 inspirante
1180 2064 1214 2128 in

87 2166 151 2231 fide
174 2169 280 2230 nostra
295 2165 435 2230 inuenire
451 2164 640 2230 calumniam
656 2164 694 2230 de
708 2165 841 2250 paginae
855 2165 1032 2249 prolixitate
1055 2168 1212 2232 causetur.

88 2267 165 2351 quid
188 2266 290 2344 illud,
323 2285 384 2350 qua
406 2270 512 2332 mente
534 2266 681 2348 suscipit:
719 2285 808 2333 ecce
832 2286 973 2350 aquam
1002 2270 1212 2352 eligam,

83 2371 132 2438 ad
166 2370 333 2452 quoduis
367 2369 527 2454 porrige
548 2373 726 2436 manum?
761 2370 834 2453 quid
858 2371 936 2447 1111,
966 2389 1044 2454 quae
1068 2372 1212 2453 copiosus

51 2474 229 2539 „adsertor
258 2474 324 2556 ipae
346 2472 526 2556 replicasti?
549 2472 638 2538 credo
662 2491 746 2538 more
769 2473 885 2555 aspidis
908 2474 1031 2555 clausa,
1054 2479 1091 2540 ut
1112 2476 1211 2554 aiunt,

83 2595 160 2643 aure
182 2575 342 2641 transicit.
368 2577 455 2640 uideo
478 2592 538 2659 quo
568 2594 600 2641 se
629 2574 731 2642 toxica
753 2575 890 2658 Libycae
912 2577 1010 2661 postis
1033 2581 1209 2644 extendant.

84 2698 231 2746 arenosus
255 2679 380 2744 coluber
395 2697 456 2744 non
472 2679 548 2746 baec
570 2679 635 2744 sola
656 2678 754 2744 babet
775 2680 948 2765 perniciosa
976 2699 1054 2764 quae
1076 2685 1209 2747 reserat:

84 2783 123 2848 ad
156 2774 403 2848 aestimationem
436 2785 628 2848 occultorum
660 2783 833 2849 facinorum
860 2783 988 2849 ferenda
1022 2783 1096 2848 sunt
1130 2801 1208 2866 quae

83 2888 210 2952 fatetur.
234 2889 305 2953 uult
327 2887 411 2952 anim
434 2889 472 2954 ad
496 2888 574 2954 illud
597 2888 781 2972 pertingere,
805 2889 959 2952 neminem
983 2905 1037 2951 suo
1060 2887 1138 2952 uitio
1155 2888 1212 2952 aut

50 2989 285 3075 sneglegentia
307 2991 420 3074 perire,
454 2991 482 3056 si
510 2989 602 3056 bomo
635 2991 796 3074 utriusque
826 2991 873 3055 rei
901 2989 976 3054 boni
1006 2993 1037 3054 et
1058 2989 1133 3055 mali
1155 3009 1210 3073 per

81 3093 275 3178 potestatem
300 3111 442 3160 concessa
465 3094 614 3159 electione
637 3095 791 3178 priuatur.
815 3093 870 3158 hos
893 3093 1017 3158 tantum
1039 3093 1139 3160 iactat
1154 3112 1208 3176 po-

82 3197 181 3262 tuisse
197 3197 315 3261 saluari
331 3198 396 3261 sine
412 3195 516 3262 labore
540 3197 616 3281 ullo,
639 3196 706 3262 sine
722 3198 941 3264 mendatorum
966 3197 1115 3282 amicitia,
1132 3215 1209 3281 quos

185 3397 797 3467 iPs.39,a;53,8;115‚15.18;75‚2a
901 3401 1140 3467 1111111110
1228 3434 1232 3458 r

82 3487 314 3552 1811111117
418 3487 660 3553 1011.Ρ1.5’1,5

130 3675 147 3730 2
166 3675 337 3730 uoluntariae
355 3675 410 3730 BL
512 3677 529 3730 3
551 3675 643 3730 uenite
661 3675 688 3730 Β
792 3677 810 3730 5
827 3676 851 3730 11
869 3675 889 3741 (1
907 3677 938 3730 ia
955 3677 1021 3744 rua.)
1041 3676 1066 3730 T
1167 3692 1207 3730 se·

80 3763 176 3816 cuntur
194 3760 247 3815 PT
339 3760 356 3815 8
373 3759 525 3816 dsseisieret
545 3761 580 3815 T¹
676 3760 879 3815 habundantius
899 3761 925 3815 T
940 3767 965 3814 ct
977 3760 1017 3815 cic
1027 3762 1138 3830 coeptas

81 3849 110 3901 11
131 3849 286 3902 muneretur
303 3845 343 3901 ΒΙ
438 3845 472 3901 11
490 3847 606 3916 qaedam
619 3849 733 3916 putatur
754 3846 780 3901 T
866 3845 967 3901 macine
983 3847 1019 3915 B,
1037 3848 1093 3902 acia
1113 3848 1139 3903 T

81 3941 214 3996 exailitatc
230 3941 259 3996 Β
358 3941 392 3996 14
408 3939 549 3996 ereditatie
567 3939 607 3995 Βι
641 3973 643 3980 ›
705 3941 872 3996 1511111111
891 3940 945 3995 PT
1038 3943 1205 4012 1811111111

80 4037 106 4089 Β
207 4035 239 4090 21
258 4034 425 4105 lybicespitis
447 4035 483 4090 V*
500 4037 547 4092 aed
565 4051 633 4092 corr.
651 4053 685 4092 m.
705 4041 735 4102 1,·
759 4035 847 4105 lybice
864 4036 898 4103 L,
925 4035 1012 4104 lybice
1029 4035 1091 4101 BP,
1122 4035 1204 4090 libica

81 4155 106 4210 r
203 4155 240 4211 aa
255 4128 406 4212 densarum
424 4157 452 4211 n
567 4157 599 4213 as
622 4157 792 4228 negligentia
815 4157 872 4213 nr
976 4157 1010 4212 aa
1032 4158 1150 4227 11111111
1168 4172 1204 4211 ea

78 4243 211 4309 potestate
233 4243 340 4297 Trai!
