2992 4967
483 368 644 433 liberm,
670 366 782 423 51-60.
1134 368 1195 435 101

68 556 249 643 gradientes
270 559 360 622 uinoa
383 557 468 622 omni
491 575 527 623 er
549 560 638 642 parte
660 557 821 623 neuabant.
845 556 912 623 Neo
933 559 1060 623 deerant
1083 556 1194 622 ootidie

70 660 187 743 ubique
208 660 418 743 expirantium
440 660 550 725 lunera
571 663 604 725 et
625 678 688 725 nou
711 660 815 724 lueret
836 658 946 738 uirtuus,
970 677 1050 743 quae
1065 658 1194 725 misera·

67 764 167 829 tionis
181 763 363 844 inpenderet
377 762 587 847 eepulturam3
609 781 709 845 neque
729 761 812 828 enim
835 762 1030 828 sufficiebant
1053 761 1093 827 ad
1109 781 1194 847 eope·

68 866 211 931 liendum
232 866 308 943 uiui,
332 864 416 931 fame
438 866 616 931 dominante
638 868 671 931 et
685 864 747 949 ipai
769 866 840 947 poet
859 866 1024 950 paululum
1039 867 1194 933 morituri.

42 966 246 1051 acupietaut
270 967 388 1052 singuli
414 968 595 1033 libertatem
621 985 713 1033 auam
739 968 939 1051 filiommque
969 988 1095 1035 suorum
1124 988 1195 1052 per·

68 1073 184 1155 petuae
205 1070 354 1135 seruituti
375 1070 527 1154 redigere,
543 1073 575 1134 et
593 1089 655 1136 uon
676 1071 822 1154 poterant
842 1070 991 1138 inuenire.
1019 1073 1144 1139 Montes
1165 1078 1197 1137 et

70 1174 186 1251 eolles,
218 1172 342 1255 plateae
368 1172 552 1256 duiletum,
584 1172 655 1239 uiae
683 1173 736 1239 nel
764 1173 895 1238 semitae
925 1192 1024 1240 unum
1054 1176 1196 1241 omnibus

69 1277 211 1342 fecerant
236 1274 352 1356 utique
380 1276 600 1357 sepulchrum,
636 1276 748 1358 quibua
774 1276 880 1342 inedia
907 1278 1074 1361 depaaoena
1102 1278 1196 1342 deue-

68 1383 202 1465 gauerat
222 1381 353 1447 oiotum.
381 1379 541 1445 Uuaudali
556 1380 662 1446 autem
683 1380 753 1463 ipsi,
777 1398 853 1463 quoe
877 1382 909 1445 et
929 1384 1038 1462 postea
1053 1378 1196 1462 frequens
1203 1377 1246 1444 59

29 1508 60 1549 m
69 1484 245 1551 multarum
266 1483 498 1568 prouinoiarum
520 1484 620 1567 spolia
641 1488 674 1549 et
694 1486 827 1550 retentio
842 1484 968 1551 Airioae
990 1484 1090 1566 primo
1113 1481 1196 1547 leoe—

67 1592 144 1654 rant
171 1588 302 1665 diuites,
332 1586 449 1652 maiore
476 1585 578 1671 magio
606 1585 712 1669 inopie
740 1587 983 1671 torquebantur:
1018 1590 1051 1650 et
1079 1589 1195 1668 quanto

67 1691 129 1756 eibi
158 1690 345 1756 uidebantur
373 1708 536 1756 seruorum
565 1690 745 1773 adgestione
772 1690 913 1775 superbi,
942 1692 1031 1755 tanto
1062 1688 1195 1771 amplius

69 1791 256 1857 delleiebant
280 1792 362 1857 lame
384 1796 548 1875 torquente
559 1792 685 1858 defeoti.
720 1791 838 1859 Nullus
862 1792 974 1871 filium,
995 1790 1100 1856 nullus
1122 1808 1195 1855 oon·

67 1894 187 1977 iugem,
210 1894 316 1959 nullus
330 1894 490 1979 preprium
510 1895 614 1961 tenuit
627 1913 773 1971 seruum
794 1898 847 1962 sed
862 1900 968 1961 exieus
983 1895 1195 1976 unnsquisque

31 2019 60 2060 re
69 2015 134 2062 non
156 1996 210 2061 ubi
225 1997 335 2073 uoluit,
350 1998 405 2062 eod
422 1998 475 2064 nbi
491 1997 603 2082 ualuit,
626 2001 683 2063 aut
696 1998 808 2064 atatim
822 1996 939 2062 delerit
956 2000 1010 2063 aut
1025 2014 1194 2079 numquam

68 2102 195 2167 omnino
208 2098 336 2165 redirit.
353 2100 553 2184 Urguebatur
567 2101 676 2167 infelix
689 2102 861 2167 multitudo
873 2100 913 2167 ad
925 2102 1026 2183 ipsam
1040 2118 1074 2164 ae
1086 2099 1246 2168 urbem60

68 2202 290 2286 Carthaginem
311 2219 512 2286 congregare:
541 2206 574 2268 et
595 2202 672 2269 dnm
693 2203 770 2269 illue
795 2203 979 2269 cateruatim
1001 2202 1103 2267 adhue
1124 2200 1193 2265 ani-

67 2310 155 2373 mata
182 2305 337 2371 oadauera
366 2304 575 2384 oonfluerent,
604 2303 659 2370 ubi
689 2324 744 2372 rex
777 2304 1011 2371 inserendarum
1046 2305 1193 2369 mortium

70 2407 153 2474 uidit
170 2412 300 2490 stragan,
324 2406 401 2490 pelli
415 2407 490 2473 urbe
505 2425 612 2473 omnes
628 2408 702 2474 ilioo
716 2408 816 2486 iubet,
838 2426 877 2473 ne
891 2408 1034 2491 contagio
1050 2406 1193 2472 defioien·

30 2512 152 2577 aotium
180 2528 378 2576 communem
404 2513 529 2594 pareret
557 2513 652 2577 etiam
676 2512 823 2576 exercitui
846 2512 911 2575 eiua
940 2528 1060 2592 quoque
1088 2509 1194 2593 eapul-

68 2613 191 2680 ohrum.
235 2612 307 2679 Suia
340 2631 413 2698 ergo
447 2613 616 2696 prouinoiia
652 2616 686 2679 et
718 2614 863 2681 domibus
892 2612 1033 2695 singulos
1061 2612 1195 2696 imperet

69 2715 230 2799 renouari3
252 2717 308 2781 aed
330 2735 386 2781 neo
409 2720 498 2782 erant
520 2720 573 2799 qui
588 2720 832 2795 reuerterentur,
855 2716 929 2781 dum
945 2719 1074 2797 uterque
1088 2713 1194 2796 sepul·

67 2822 174 2885 turam
197 2838 286 2884 enam
308 2820 339 2883 in
362 2820 455 2884 uultu
477 2820 648 2902 portarent
677 2820 720 2884 Et
741 2820 857 2887 ideireo
873 2818 953 2884 forte
968 2817 1067 2882 maior
1081 2814 1194 2899 rebap-

50 2923 237 2988 -tiaatorum
258 2920 393 3004 perditio
414 2923 518 3003 potnit
543 2922 717 3005 prouenire‚
741 2921 816 3004 quia
837 2922 912 2986 dnm
938 2919 1133 3004 promittitur
1154 2919 1194 2984 ab

30 3024 213 3091 „Arrianis
236 3024 408 3106 praesentis
431 3023 601 3089 transactio
624 3024 720 3103 uitae,
737 3042 800 3090 neo
822 3024 901 3089 illud
916 3023 1047 3088 obuenit
1062 3026 1093 3087 et
1109 3040 1194 3089 mora

120 3248 137 3301 1
158 3247 237 3301 inuoa
259 3244 294 3300 V¹
324 3246 355 3301 iu
375 3262 406 3301 oe
427 3245 499 3301 ΡΜ
598 3246 682 3314 omni]
705 3246 788 3300 morti
807 3244 841 3313 P,
864 3245 912 3301 aed
929 3260 998 3301 erue.
1112 3245 1194 3299 tex·

66 3334 206 3404 pirantum
222 3333 260 3389 W
351 3348 404 3386 non
416 3349 467 3387 om.
484 3334 521 3387 W
617 3332 748 3387 amorrui
760 3332 789 3387 P
873 3331 890 3385 9
907 3331 1059 3401 frequentia
1074 3329 1195 3385 Wooiaa

65 3434 102 3475 a
124 3420 191 3473 meir
214 3419 259 3486 (ire
279 3418 494 3474 Benaiaroe.
511 3420 619 3489 ,σῇς
643 3415 1195 3473 aedlitterieentialooaaomniaoaora

65 3525 141 3592 erut)
247 3522 281 3575 10
302 3522 418 3577 redemtio
439 3522 477 3577 W
576 3522 677 3591 primoa
693 3519 793 3576 ieoerat
810 3520 859 3587 dP
958 3520 990 3575 11
1018 3508 1195 3589 torq'ebantur

65 3608 95 3663 Β
198 3608 232 3662 m
258 3608 427 3679 uidebantur]
453 3610 594 3664 seruantur
619 3608 648 3662 P
753 3606 901 3661 adiectione
927 3623 945 3659 a
1057 3607 1090 3661 13
1116 3605 1194 3660 defle-

66 3696 135 3749 bant
165 3692 201 3748 W
320 3695 354 3749 14
379 3710 516 3749 remorum
542 3694 559 3750 t
678 3694 712 3749 15
739 3691 832 3747 defluit
856 3692 914 3747 BV
937 3690 1063 3759 (detode-
1091 3692 1120 3757 I,
1145 3694 1195 3746 em

64 3784 134 3851 agg.)
239 3778 272 3835 le
288 3796 316 3833 ae
335 3796 386 3834 om.
404 3780 453 3849 dP
543 3778 611 3835 urbe
632 3779 671 3835 W
773 3778 805 3832 17
824 3776 1013 3845 oongregurit
1107 3777 1194 3831 adhue

66 3866 227 3923 ntorumim
243 3866 310 3920 illue
327 3865 375 3933 tF
475 3866 562 3921 adhue
582 3882 632 3923 om.
658 3883 692 3931 a,
718 3866 768 3935 gai
792 3863 954 3919 oeternatim
976 3868 1040 3932 poet
1065 3862 1195 3917 Manere

65 3952 148 4007 tutet
250 3951 283 4007 18
308 3950 423 4005 metium
453 3954 487 4006 W
594 3953 626 4006 19
653 3950 779 4020 mugio
806 3948 831 4003 V
931 3945 1088 4003 dedentium
1113 3947 1197 4003 RVG

67 4039 178 4108 (morie
196 4036 271 4093 Mae
289 4040 360 4093 1879
378 4054 406 4106 p.
424 4042 489 4106 639)
610 4038 646 4093 10
671 4053 809 4093 oommuue
839 4034 915 4093 Wat
1034 4034 1116 4087 otiam
1143 4048 1195 4087 om.

66 4124 116 4179 Me
209 4125 347 4193 exereitm]
359 4122 475 4178 examini
487 4124 535 4190 dP
627 4138 793 4193 quoqaeom.
809 4123 841 4177 W
932 4118 1036 4175 iterat
1049 4117 1128 4185 BeL

66 4213 247 4265 reuerteretur
267 4208 400 4265 ΝΜ
416 4212 485 4277 (oret
498 4245 506 4261 .
521 4244 529 4261 .
543 4210 742 4265 .rauerteretnr
750 4210 773 4273 1)
877 4208 912 4263 23
929 4209 1049 4277 portaret
1065 4204 1128 4263 ML

66 4296 103 4351 24
120 4295 197 4365 potui
215 4294 283 4350 RV*
385 4294 421 4349 at
437 4294 536 4349 armani
557 4296 595 4351 W
