2992 4967
534 349 623 404 rraar
640 349 693 414 ΠΙ,
719 350 831 405 ae-ea.
1182 349 1242 417 105

120 540 205 605 dies
241 558 353 622 quam
390 536 716 621 expectaturum
761 540 1006 615 inuenimus,
1050 536 1241 603 uidimus.

120 644 251 722 Adeste,
282 643 385 726 angeli
413 644 461 708 dei
487 642 566 719 mai,
597 641 651 722 qui
679 658 849 723 numquam
877 639 991 706 deestis
1022 640 1184 706 constituti
1208 638 1291 705 inor

119 746 294 812 ministerio
316 749 418 810 uestro
440 747 564 827 propter
586 761 654 821 eos,
685 743 738 825 qui
760 742 964 809 hereditatem
987 742 1145 826 capessuri
1166 748 1242 808 suut

120 854 264 914 aeternae
285 849 414 931 salutis,
445 852 477 911 et
499 845 604 911 uidete
626 844 767 910 Africam
795 849 911 922 totam,
940 845 1056 912 dudum
1082 848 1241 911 tantarum

97 952 321 1018 saorlasiarnm
338 950 445 1016 eunois
461 950 587 1027 fultam,
608 964 692 1013 nune
713 949 753 1014 ab
776 946 920 1013 omnibus
943 947 1123 1027 desolatam,
1147 952 1241 1015 tantis

119 1053 279 1120 ordinibus
300 1052 496 1119 sacerdotum
514 1056 666 1130 ornatam,
688 1053 780 1117 modo
801 1053 1007 1118 sedentem
1029 1053 1187 1120 uiduam
1210 1056 1242 1120 et

119 1156 282 1223 abiectam.
320 1155 551 1223 Sacerdotes
574 1154 657 1219 eine
679 1155 718 1219 et
738 1154 914 1220 seniores
937 1156 970 1221 iu
1000 1155 1130 1223 desertis
1165 1157 1242 1223 loeis

119 1263 152 1325 et
173 1259 284 1325 insulis
307 1259 556 1337 defoderunt,
579 1258 806 1341 quaerendo
829 1257 909 1323 sibi
932 1275 1042 1325 oseas
1065 1260 1110 1326 ad
1133 1277 1241 1324 man-

118 1363 354 1450 ducandum,
384 1362 418 1429 et
438 1378 501 1427 non
522 1362 698 1427 inueniunt.
736 1360 995 1428 Considerate
1024 1363 1063 1427 et
1090 1362 1240 1439 uidete,

80 1466 215 1550 requio
236 1466 329 1532 Sion
351 1464 503 1530 eiuitas
526 1465 586 1530 dei
607 1466 738 1530 nostri
761 1464 872 1529 faeta
898 1465 958 1529 est
985 1465 1102 1548 uilis,
1132 1464 1243 1530 faeta

118 1570 231 1652 qnasi
259 1569 418 1651 polluta
444 1568 664 1634 menstruis
683 1566 793 1633 inter
814 1566 996 1633 inimicos
1022 1585 1123 1633 suos.
1160 1567 1241 1634 Ma-

119 1691 205 1737 num
242 1691 350 1737 suam
387 1672 501 1737 misit
536 1670 668 1736 hostis
705 1670 751 1736 ad
787 1671 916 1736 omnis
948 1669 1242 1737 desiderabilia

120 1778 219 1856 eius,
254 1776 343 1859 quia
370 1776 478 1841 uidit
511 1775 646 1858 gentes
671 1775 859 1839 inuadere
888 1776 927 1838 et
956 1772 1113 1857 ingredi
1139 1775 1242 1839 atria

119 1898 201 1957 sua,
223 1882 266 1945 de
288 1879 428 1961 quibus
450 1895 707 1962 praaeaporas
729 1896 774 1944 ne
795 1876 1012 1943 introirent
1034 1877 1242 1943 eeclesiam

79 1988 233 2049 aetnam.
273 1981 368 2047 Uise
390 1982 472 2047 eius
496 1981 659 2064 lugent,
689 1997 732 2045 eo
762 1982 861 2063 quod
889 1998 997 2047 nemo
1029 1978 1242 2045 conueniat

119 2088 158 2151 in
179 2086 241 2151 die
262 2084 376 2151 festo.
410 2085 600 2168 Egressus
618 2087 679 2149 est
700 2102 720 2149 a
741 2083 847 2150 faeie
870 2085 953 2149 eius
975 2082 1103 2148 omnis
1125 2085 1292 2155 dee0168

120 2191 152 2254 et
174 2186 314 2253 deliciae.
359 2187 544 2254 Didieernnt
565 2189 633 2253 uias
659 2204 782 2269 asperas
812 2187 972 2252 ambulare
1000 2185 1183 2272 uirgines
1206 2184 1243 2250 et

118 2294 283 2358 iuuenes
312 2292 396 2368 eins,
430 2292 464 2357 in
494 2290 574 2357 aulis
597 2289 719 2356 edueati
754 2290 1027 2366 monasteriorum
1055 2288 1242 2353 abierunt

118 2395 159 2460 in
191 2394 438 2476 captiuitate
467 2394 665 2471 Maurorum,
700 2392 776 2457 dum
808 2392 966 2474 lapides
997 2392 1126 2457 saneti
1158 2394 1241 2457 aius

80 2497 426 2581 ndisparguntur,
445 2514 507 2562 non
527 2497 652 2561 tautum
674 2495 716 2561 iu
742 2494 947 2577 capitibus
969 2495 1136 2560 omniu-m
1156 2494 1241 2577 pla·

117 2604 283 2682 tearum,
299 2602 353 2667 sed
368 2599 464 2667 etiam
478 2600 512 2665 in
527 2599 604 2665 loeis
618 2600 770 2682 squalidis
785 2598 995 2665 metallorum.
1018 2598 1151 2663 Dieite
1173 2596 1241 2662 deo

117 2707 253 2771 nostro
281 2704 510 2788 susceptori
543 2702 645 2780 eius,
678 2696 831 2769 habentos
861 2701 1007 2767 fiduciam
1037 2700 1239 2786 supplicandi,

122 2807 306 2892 quoniam
327 2806 557 2873 tribulatur
584 2809 623 2872 et
649 2810 788 2872 uenter
814 2805 930 2872 illius
958 2804 1152 2871 turbatus
1181 2807 1242 2870 est

219 2994 236 3048 6
253 2992 324 3047 Esai.
337 2994 380 3059 47,
391 2993 417 3049 8.
492 2993 506 3045 7
524 2990 622 3046 Thren.
638 2992 662 3059 1,
675 2992 717 3048 19.
793 2993 809 3047 9
829 2991 922 3047 Thren.
938 2993 1016 3058 1,11.
1092 2992 1126 3045 10
1143 2991 1240 3048 'l'hren

117 3080 198 3146 1,17.
286 3081 316 3134 11
335 3078 430 3134 Thrau.
449 3079 528 3143 1,10.
620 3079 652 3134 15
669 3077 765 3132 Threu.
785 3079 808 3143 1,
820 3080 845 3133 4.
939 3078 972 3132 16
991 3078 1087 3133 Thran.
1107 3080 1130 3145 1,
1149 3080 1174 3135 6.

117 3166 150 3305 {7
161 3165 265 3305 {hren
286 3166 309 3231 1,
327 3165 370 3221 18.
462 3165 493 3219 19
511 3163 609 3218 Thren.
627 3164 653 3231 4,
672 3165 694 3218 l.
786 3164 820 3219 21
838 3164 882 3219 Ps.
899 3166 943 3232 41,
962 3163 1003 3220 10.
1093 3164 1128 3219 23
1145 3163 1240 3218 Thren.

171 3423 183 3476 l
208 3437 287 3491 quem
309 3419 422 3476 BV¹Gb
532 3422 560 3473 et
581 3418 732 3473 uidimusb
845 3418 969 3473 dedaste
994 3418 1087 3475 RVG:
1122 3418 1242 3475 adestote

117 3508 176 3563 reti.
279 3505 462 3575 teupisurit
564 3506 693 3559 4totam
707 3540 716 3560 .
730 3543 738 3557 .
753 3540 761 3561 .
774 3501 944 3559 aeclesiarum
963 3521 1011 3560 om.
1035 3505 1073 3561 W
1173 3505 1241 3562 5ab

117 3592 272 3649 hominibus
289 3592 329 3646 ab
424 3590 574 3648 ararath
669 3589 837 3646 tsedendam
853 3588 888 3643 V¹
987 3591 1138 3647 retusam.
1156 3608 1175 3645 a

118 3678 365 3749 Setininauliafl
460 3677 657 3733 9innenerunt
675 3677 701 3730 b'
804 3676 837 3731 10
854 3693 918 3747 syon
931 3676 1107 3746 meiprueter
1124 3677 1151 3731 B
1177 3692 1242 3746 syon

117 3764 166 3819 illa
189 3764 243 3819 Ma
347 3763 421 3819 iaetu
437 3762 753 3834 autquasipollntaad
859 3761 890 3815 12
913 3762 957 3831 ad]
976 3765 1004 3817 et
1028 3763 1056 3817 P
1158 3762 1191 3818 13
1213 3763 1242 3816 iu

118 3849 189 3905 atria
204 3850 253 3905 Ma
349 3851 382 3905 14
398 3864 570 3918 praeoaparas
593 3848 653 3905 1⁷0¹
750 3849 783 3904 15
802 3852 942 3903 conueniet
960 3849 988 3904 P
1082 3850 1115 3905 16
1132 3849 1242 3903 iacieius

117 3936 133 3991 b
238 3935 271 3989 17
288 3938 316 3989 et
331 3934 441 3989 delitiae
458 3937 545 4005 mad
640 3935 776 3991 ambulare
796 3935 904 3990 iuuenes
923 3934 1043 4004 uirgines
1061 3934 1118 3989 eins
1140 3934 1178 3990 W

120 4022 151 4075 18
169 4022 278 4076 aulasb
377 4019 529 4076 abieoerunt
546 4020 602 4076 PR
707 4021 739 4076 19
759 4021 918 4091 captiuitaie
934 4036 1059 4075 aurorum
1077 4019 1156 4076 BVa¹
1183 4036 1242 4091 cap

118 4107 229 4163 tinitate
254 4106 408 4162 isaurorum
434 4105 462 4159 P
493 4106 680 4176 eaptiuitatam
707 4123 859 4161 maurorum
886 4104 998 4164 WMa²o
1100 4105 1188 4176 lapide
1216 4106 1243 4159 B

117 4193 234 4261 lapidem
252 4191 286 4247 V¹
372 4191 520 4247 sanctuarii
530 4191 588 4246 413²
674 4190 706 4246 21
719 4192 858 4247 scalidiab
944 4190 978 4247 22
990 4192 1081 4247 nostro
1093 4194 1173 4263 oro-p

118 4278 174 4333 sius
197 4278 316 4349 Ws²a²dr
342 4294 393 4333 om.
412 4282 441 4333 a¹
467 4282 495 4331 et
512 4278 570 4332 reti.
