2992 4967
277 316 343 393 248
634 322 751 394 Magni
768 322 897 380 Pelidis
914 324 1045 381 Ennedi

277 514 441 593 adiuuerit,
465 512 586 580 umori
608 514 802 606 memoriam
821 534 885 583 non
910 514 1052 598 fugabis,
1099 519 1221 599 quando
1249 515 1341 581 nulla
1360 515 1403 582 sio

279 617 373 685 cessit
401 618 499 683 maior
527 616 692 701 diligentia
720 620 753 683 et
770 618 851 706 ,pius
878 634 965 683 amor
992 618 1134 685 euoluens
1163 623 1211 684 est
1239 620 1404 685 tantuma

268 720 403 806 nestore
424 722 487 800 tuo,
511 720 663 803 quantum
687 718 725 787 ab
748 720 846 787 oeulis
861 720 1081 787 submonebor.
1113 739 1208 788 senne
1228 724 1296 787 esto
1319 720 1403 786 salue

278 826 349 891 nita
369 824 472 907 patris
496 826 533 889 ot
560 824 676 889 fremu-
698 824 746 889 tur
756 844 770 889 :¹
787 826 877 890 :daus
897 824 996 891 *nobis
1020 823 1216 891 omousios:
1236 828 1403 910 moment

279 927 361 1010 qnod
382 927 672 1009 passatauditum:
706 928 799 1011 quale
826 927 924 993 unitis
955 928 1039 993 eirea
1057 946 1110 994 me
1128 928 1275 995 exhibete
1295 935 1432 1010 quoqu-e

277 1031 384 1105 eitum.
428 1037 526 1097 unum
559 1034 592 1097 te
621 1048 696 1115 rogo
727 1032 842 1099 honore
863 1032 1069 1107 osteudens
1092 1031 1240 1110 exhibito,
1264 1033 1304 1096 ut
1322 1030 1405 1113 aqud

278 1134 428 1199 domnos&
441 1135 596 1218 apostotos
628 1154 685 1219 pro
719 1152 774 1201 me
806 1133 945 1219 digneris
977 1150 1086 1217 preees
1117 1135 1243 1213 offerre,
1277 1134 1317 1199 ut
1341 1132 1405 1215 ,iqu'

277 1235 421 1303 miserius
441 1254 529 1303 meas
549 1236 907 1313 medieiuaiiter-ourent
924 1238 1159 1319 moneantur
1172 1238 1406 1320 mequioquuur

277 1340 363 1405 uelle
384 1343 467 1424 quod
490 1354 552 1407 non
567 1341 674 1407 deest:
693 1341 854 1423 mutinam
867 1344 1137 1424 praesumptions
1152 1341 1270 1407 mentis
1291 1342 1326 1407 et
1339 1358 1405 1407 oor·

277 1446 369 1526 poris.
402 1445 484 1529 quod
506 1445 533 1509 si
556 1445 663 1529 fauiae,
686 1443 860 1526 eredopro
880 1444 1058 1509 innoeentia
1080 1448 1114 1509 et'
1132 1445 1273 1526 puritate
1295 1445 1355 1508 tna
1374 1447 1434 1528 teu

277 1547 390 1615 meiius
411 1562 467 1631 pro
488 1564 547 1628 me,
570 1564 665 1631 quam
684 1548 715 1612 si
736 1544 838 1613 es's'ehr
858 1564 964 1613 eoram
986 1547 1117 1630 positus,
1138 1545 1341 1612 audiendum.

299 1878 301 1887 .
345 1893 348 1905 ⁵
533 1836 717 1913 eunomus
736 1837 945 1895 saumario
965 1835 1150 1895 EPIBCOPO.
1251 1912 1256 1919 1

308 1944 423 2011 uedeo
445 1942 592 2027 equidem
618 1942 717 2009 dolori
745 1960 815 2012 meo
835 1960 957 2020 oseem
986 1943 1042 2008 sed
1068 1941 1260 2011 reuerentiae
1282 1946 1404 2009 uestrae

276 2047 537 2115 uetustiorem
572 2046 605 2113 et
632 2045 713 2116 torta
740 2046 855 2113 meiius
876 2064 1051 2116 maerorem
1070 2049 1108 2115 de
1130 2046 1330 2125 abstinentie
1348 2062 1434 2113 ser-1⁵

280 2152 381 2217 monis
402 2151 502 2217 neoni
523 2150 702 2232 loqueretur
723 2153 815 2215 mute
835 2150 1061 2223 dissimulatio:
1089 2151 1243 2227 urbanum
1265 2153 1353 2219 enirn
1372 2153 1404 2216 et

278 2252 396 2321 subtile
416 2256 496 2331 erat,
522 2255 558 2318 ut
579 2253 678 2319 isdem
694 2251 787 2321 lineis
801 2252 914 2335 quibus
928 2255 963 2319 in
976 2272 1028 2319 me
1043 2252 1234 2338 delinquitur
1248 2255 1405 2337 potiorum

281 2357 395 2423 delieta
415 2358 591 2440 ferirentur,
614 2356 651 2421 ut
673 2372 781 2421 seeum
802 2354 932 2422 moeret
947 2356 1039 2439 eulpa
1053 2356 1237 2423 uindictam.
1265 2359 1324 2423 sed
1345 2373 1404 2439 quo

277 2478 328 2525 me
360 2459 493 2539 nartem,
527 2462 580 2544 qui
612 2460 815 2529 inmemorem
848 2462 911 2525 mei
940 2464 972 2525 et
992 2461 1163 2527 humilium
1184 2460 1334 2525 notitiam
1356 2478 1403 2524 re·

279 2562 444 2646 spuentem
465 2566 638 2647 pertinaoia
659 2565 775 2633 amoris
796 2566 918 2647 insequi
932 2583 993 2630 non
1008 2563 1146 2630 desisto?
1168 2564 1324 2649 numquid
1345 2580 1433 2627 nono

278 2664 434 2747 repudiati
460 2664 669 2761 inportunitas
695 2671 797 2758 mater
830 2667 965 2741 horroris
997 2669 1056 2745 est,
1087 2685 1160 2731 oum
1180 2666 1328 2751 placendi
1350 2683 1404 2748 per

276 2768 501 2859 adsiduitatem
535 2769 724 2839 desiderium
758 2770 923 2835 materiem
952 2770 1056 2853 erigat
1078 2769 1286 2852 displicendi?
1332 2786 1404 2833 nam

276 2872 423 2957 quioquid
445 2872 549 2935 mente
571 2870 707 2959 fugimus
729 2870 888 2952 ingestum
901 2870 999 2937 oeulis
1020 2872 1075 2937 uix
1095 2873 1250 2938 uidemus.
1273 2870 1303 2936 si
1325 2871 1402 2936 mihi

275 2974 384 3061 lieeret
412 2974 512 3060 adhue
541 2974 661 3057 aequali
692 2960 763 3038 oum
782 2973 986 3040 ‘beatitudine
1015 2979 1072 3039 tua
1094 2979 1177 3040 sorte
1198 2974 1401 3041 contendere!

278 3076 335 3143 sed
356 3078 514 3145 dormiunt
546 3077 629 3163 apud
663 3092 809 3169 eoronam
842 3081 931 3143 tuem
963 3078 1205 3161 propinquitatis
1226 3076 1433 3161 priuilegium

279 3183 445 3266 postquem
459 3178 546 3276 pater
562 3194 626 3269 esso
641 3179 795 3245 meruisti.
819 3181 936 3246 retinet
951 3183 1115 3264 quisquam
1130 3182 1292 3259 hominum
1303 3180 1401 3263 perire

329 3403 343 3456 1
368 3398 477 3457 ennodii
490 3394 553 3457 'T'b
656 3373 779 3458 si⁶eessit
795 3402 838 3468 B,
855 3390 990 3457 'eumeuii
1006 3402 1073 3468 sort.
1175 3402 1193 3456 3
1215 3374 1351 3456 nundinor
1368 3396 1403 3463 B,

275 3486 451 3542 submonebar
473 3486 539 3553 fort.
640 3488 830 3574 tegnosetnt
851 3488 878 3541 Τ
897 3504 968 3543 corr.
985 3490 1054 3543 ost
1154 3488 1285 3543 ounltes
1308 3485 1337 3541 Β

274 3582 436 3646 Smeeeria's
453 3592 493 3645 3¹
538 3589 541 3595 '
589 3591 694 3645 onerent
711 3592 737 3661 (r
748 3594 831 3657 ersa)
847 3590 875 3646 Ia
969 3589 1115 3661 quidquem
1132 3590 1159 3644 L
1254 3591 1288 3646 11
1305 3586 1402 3656 eoram]

275 3682 414 3745 eorporam
433 3676 461 3731 L
687 3714 691 3723 .
820 3681 823 3690 ·

319 3776 443 3839 utun.
477 3780 510 3843 qe
534 3784 594 3849 epos
619 3780 647 3835 Β
750 3780 785 3836 14
805 3780 947 3850 sequidem
968 3779 997 3838 Β
1047 3838 1051 3846 ,
1076 3784 1150 3845 ute
1166 3779 1195 3835 Β
1300 3779 1332 3831 15
1350 3790 1402 3831 rno-

274 3880 362 3918 rorem
389 3864 446 3919 ΒΤ
564 3866 596 3921 16
622 3868 698 3924 mute
724 3865 877 3935 loqueretur
906 3865 971 3931 TV,
1004 3869 1159 3934 sequeretur
1183 3867 1260 3921 muta
1287 3864 1334 3918 Po

276 3950 308 4007 17
326 3950 432 4005 hisdem
449 3950 490 4017 B,
516 3950 616 4007 eisdem
634 3953 684 4007 Pb
790 3952 822 4007 18
845 3950 954 4028 liaberet
977 3952 1005 4005 Β
1107 3950 1142 4006 20
1164 3950 1315 4021 pertinatia
1329 3947 1402 4011 NP,

275 4036 449 4106 pertinatiam
466 4038 573 4107 BTVb,
600 4038 749 4109 pertinatii
766 4037 830 4098 Β,
865 4030 870 4035 ’
904 4035 1028 4107 nunquid
1047 4038 1074 4093 Τ
1173 4038 1206 4092 21
1225 4028 1401 4106 per-displi-

274 4122 351 4177 eendi
374 4137 424 4179 ooo.
443 4122 472 4177 Β
493 4123 557 4181 add.
580 4125 612 4201 ise
634 4140 687 4194 mo.
710 4124 763 4201 inf,
788 4138 859 4179 oorr.
906 4170 909 4173 .
978 4121 1012 4177 22
1038 4122 1123 4193 exigit
1146 4123 1174 4177 P
1200 4128 1227 4177 et
1250 4120 1333 4177 Siros

274 4242 309 4297 su
327 4210 437 4298 edm
456 4246 484 4300 B
585 4247 619 4301 ao
641 4244 761 4315 parrega
777 4244 805 4299 n
876 4288 881 4293 .
