2992 4967
445 341 683 411 Epistularum
702 345 793 399 liber
810 347 834 400 1.
1164 353 1207 421 35
1327 354 1334 368 '

77 551 133 614 per
155 533 248 596 tauta
269 531 446 612 temporum
468 530 580 614 spatia,
604 549 682 615 quas
703 535 816 600 bonam
838 534 1046 602 ualitudinem
1068 542 1206 604 uestram

76 634 300 716 significarent,
336 634 457 698 litteras
489 637 706 718 suscepissem,
739 655 780 702 ue
801 639 839 703 de
860 638 976 703 amoris
999 640 1090 706 eredo
1113 643 1206 706 testi·

76 739 183 804 monio
205 737 380 802 animorum
414 737 531 802 indiees
554 738 704 822 epistulas
733 740 954 807 sonueniremi
990 741 1206 828 inreligiosum
1249 785 1253 790 -

77 857 152 925 ergo
175 841 258 905 eirea
279 844 440 907 amantem
461 840 509 904 tui
529 842 560 906 in
585 841 745 908 meliorem
768 845 889 925 partem
911 846 999 910 uerte
1012 845 1205 930 propositum

54 947 109 1008 ret
132 943 173 1008 ad
196 945 377 1010 memoriam
411 946 580 1028 promissae
607 946 681 1013 fidei
702 948 820 1029 scripta
846 949 1035 1016 sunamites.
1081 949 1205 1016 domine

76 1047 132 1122 mi,
156 1047 355 1114 salutationis
383 1048 490 1116 debita
519 1048 640 1116 soluens
673 1067 791 1134 precor,
817 1053 854 1116 ut
875 1051 903 1114 si
923 1069 979 1116 uos
1001 1051 1034 1114 in
1057 1053 1206 1136 antiquae

76 1151 162 1218 eirea
185 1170 236 1218 me
259 1151 447 1235 dignationis
470 1155 556 1218 statu
578 1153 693 1236 pagina
714 1153 834 1220 direota
854 1155 1032 1235 reppererit,
1061 1173 1206 1238 responsa

75 1257 246 1332 morentur,
260 1254 353 1338 ‘quia
375 1257 450 1338 puto
473 1255 553 1322 inter
575 1274 631 1322 uos
652 1257 778 1338 gemina
811 1257 938 1322 uineula
965 1257 1120 1340 disrumpi
1141 1277 1205 1324 nou

76 1375 166 1438 posse
190 1357 330 1422 caritatis
353 1359 385 1424 et
407 1359 577 1442 sanguinis.

573 1545 710 1610 XXIIII.

453 1678 639 1736 ENNODIVS
666 1679 829 1736 larvale.

118 1801 215 1880 Quae,
239 1800 368 1878 malum,
391 1802 471 1866 ratio
486 1807 544 1878 eet,
568 1805 603 1868 ut
618 1801 665 1866 ita
680 1800 724 1867 ris
738 1818 848 1883 pareus
870 1802 903 1866 in
923 1803 1034 1885 gratia,
1057 1802 1204 1885 prodigus

75 1903 109 1968 in
133 1903 258 1986 querela
281 1906 312 1968 et
334 1902 438 1986 eriges
472 1903 681 1986 frequentiam
713 1903 894 1969 litterarum
927 1922 1021 1986 qnam
1048 1907 1114 1988 ipse
1142 1924 1205 1972 uon

75 2006 198 2085 tribuis,
234 2007 385 2088 uiperinis
409 2007 506 2072 oeulis
534 2007 614 2072 illud
638 2008 720 2089 quod
742 2008 824 2072 alter
846 2007 1000 2090 delinquit
1025 2007 1204 2091 iaspidem,

41 2135 65 2175 15
76 2114 147 2175 tuas
171 2110 280 2194 eulpae
302 2111 390 2176 nulla
412 2109 492 2175 lelee
514 2110 704 2176 reserando?
738 2113 811 2176 anni
832 2111 938 2194 plures
965 2115 1050 2190 sunt,
1083 2130 1120 2176 ex
1143 2129 1204 2194 quo

75 2213 211 2296 Alpibus
233 2213 370 2278 nieinam
393 2213 620 2280 habitationem
642 2215 797 2299 delegisti,
820 2216 947 2279 senator
966 2215 999 2278 et
1013 2213 1132 2292 doetus,
1148 2214 1204 2279 ubi

76 2315 148 2394 tibi,
183 2319 258 2382 dum
292 2317 437 2400 pruinosa
469 2318 593 2400 raspieis
626 2317 709 2401 iuga,
743 2319 889 2400 adparuit
921 2317 1118 2400 inauspicats
1150 2317 1204 2382 nix

76 2417 198 2501 eapitis,
222 2419 276 2485 ubi
300 2421 393 2485 etiam
418 2419 532 2502 glande
555 2421 587 2484 te
608 2421 689 2485 useel
712 2420 881 2504 scriptione
895 2421 1036 2505 signasti·
1058 2421 1145 2486 onius
1159 2423 1205 2486 rei

73 2523 168 2587 iidem
183 2522 362 2588 litterarum
379 2526 503 2588 tuarum
526 2523 635 2588 deeora
656 2522 809 2602 feserunt,
832 2543 903 2589 eum
920 2524 980 2589 eibi
996 2523 1089 2588 huius
1103 2523 1204 2605 signi·

41 2624 203 2690 aofieantia
224 2626 257 2690 in
280 2627 370 2691 ruetu
393 2625 511 2710 turgidi
534 2627 667 2708 psetoris
690 2628 722 2690 et
743 2627 852 2707 Alpini
874 2629 1024 2691 sermonis
1045 2626 1202 2708 adparuit.

73 2729 172 2794 miror
195 2731 310 2811 tamen,
344 2731 424 2813 quod
446 2730 529 2794 inter
552 2727 611 2794 loei
634 2728 720 2795 illius
748 2728 871 2794 frenata
897 2729 997 2812 glaeie
1018 2727 1148 2794 flumina
1172 2731 1204 2792 et

73 2833 139 2897 sine
162 2831 357 2897 sneeesaione
391 2831 489 2914 frigus
522 2832 632 2896 ieeoris
661 2831 710 2895 tui
738 2831 866 2897 flamma
899 2833 969 2913 plus
1003 2832 1125 2896 aestuat
1146 2849 1204 2896 nee

74 2933 214 3016 aliquam
237 2933 369 2998 sortitur
390 2937 497 3016 peetus
519 2938 556 3000 de
579 2934 737 3000 mansione
759 2934 953 3016 temperiem.
991 2938 1077 3000 aetas
1099 2933 1202 3000 delor-

128 3171 253 3239 lspaeia
270 3172 327 3226 LT
435 3172 606 3242 3epistolas
633 3173 714 3227 LTV
823 3171 959 3228 bseribta
978 3171 1006 3227 Β
1113 3175 1203 3227 trana-

73 3259 156 3311 nrisse
174 3257 212 3311 12¹
236 3274 262 3311 ss
280 3259 312 3312 in
334 3261 361 3312 tt
379 3274 449 3314 corr.
468 3275 503 3314 m.
520 3274 572 3312 rec.
684 3258 775 3327 bini]
803 3259 872 3312 mihi
898 3259 986 3314 BLV
1093 3274 1203 3327 praecor

73 3343 132 3398 BV
234 3344 341 3398 istatu
360 3343 411 3409 Pb,
435 3347 537 3400 abtum
555 3343 666 3399 BLTV
766 3345 894 3413 repererit
914 3345 947 3414 T,
971 3343 1088 3415 repperit
1106 3343 1134 3398 Β

74 3428 428 3484 8uineulaTs.l.rre2

127 3547 246 3603 xxiiii
284 3549 316 3602 ra
333 3549 399 3602 mari
417 3551 444 3604 Β
545 3534 573 3605 ei
591 3551 618 3604 n
635 3553 648 3602 r
665 3565 686 3604 s.
705 3551 723 3604 z.
741 3554 813 3605 aa
916 3551 948 3605 13
970 3549 1089 3618 quereus
1106 3550 1133 3603 n

75 3639 103 3688 st
120 3650 172 3691 om.
190 3633 218 3689 Β
320 3634 471 3704 frequentia
496 3637 523 3690 Β
643 3637 676 3688 14
698 3636 801 3690 tribues
824 3637 852 3690 B
955 3635 1093 3704 uiperinis]
1118 3635 1202 3707 quip

74 3721 138 3774 imis
159 3721 185 3774 T
289 3719 353 3774 illut
371 3722 398 3775 B
505 3721 708 3790 delinquit-l.
727 3727 763 3776 18
780 3721 877 3790 eapitis
897 3722 923 3775 T
937 3721 969 3774 in
986 3735 1042 3776 rae.
1061 3723 1134 3778 m

75 3804 215 3875 delinquid
233 3805 327 3874 BLP,
359 3806 508 3876 deliquitb
611 3807 740 3876 insipiens
763 3809 788 3859 Τ
906 3806 937 3860 16
956 3806 1088 3860 uicinam
1106 3807 1133 3862 B

76 3891 196 3961 deligislu'
215 3891 250 3958 B,
278 3891 383 3960 elegisti
407 3893 431 3944 T
539 3894 566 3948 et
584 3893 686 3962 doetus]
703 3892 810 3948 edoctus
831 3894 856 3943 T
969 3891 1001 3945 17
1020 3891 1143 3960 proinosa
1161 3909 1202 3947 re·

76 3995 162 4062 spiees
180 3993 208 4049 B
310 3995 434 4064 apparuit
455 3995 537 4050 ΜΨ
636 3984 799 4063 inauspicat‘
816 3995 844 4048 B
955 3995 989 4048 18
1012 3996 1087 4051 iare
1104 3996 1203 4065 eapitis

77 4085 103 4135 et
118 4081 166 4135 ubi
183 4080 292 4135 litterar
309 4083 352 4135 tor
365 4080 449 4134 edoet'
463 4097 531 4137 eras.
544 4083 576 4135 ἐπ
597 4084 621 4135 Τ
721 4081 757 4135 20
773 4080 897 4149 apperuit
914 4080 996 4134 LTV
1096 4081 1130 4134 22
1147 4080 1202 4134 iae-

76 4167 144 4221 eoria
170 4166 213 4220 tui
240 4167 281 4232 B,
316 4165 357 4220 tui
383 4166 478 4222 iecoris
505 4166 552 4221 Pb
672 4166 747 4234 plust
776 4167 812 4217 T'
931 4165 966 4219 23
991 4169 1080 4220 aestss
1105 4165 1133 4220 Β

77 4251 276 4307 defenderitB

1060 4353 1100 4405 3*
