2992 4967
281 381 323 446 62
638 375 752 444 Magni
770 373 898 428 Felicis
916 371 1047 426 Ennodi

279 565 341 633 nisi
364 565 482 632 dicere:
516 563 590 630 noui
613 563 756 629 dextrum
780 561 843 626 iter
864 559 992 644 eligere,
1016 561 1070 624 sed
1092 559 1155 625 nisi
1177 560 1406 644 ingredientem

279 669 396 736 iuuerit
410 667 513 754 gratia
527 685 665 749 superna,
681 665 828 732 lassate?
842 683 933 730 nemo
948 663 1081 742 dubitat,
1098 681 1190 729 nemo
1205 665 1405 753 condemnat,

278 775 359 859 qnod
383 775 507 840 auctore
535 771 637 855 gratia
664 769 859 853 protestante
881 772 913 833 et
936 768 1001 849 ipso
1029 767 1196 849 aequitatis
1223 767 1404 836 hominibus

279 877 366 945 callis
388 875 536 960 aperitur.
582 874 642 938 dur
666 871 750 937 enim
780 873 928 938 bonorum
961 874 992 936 et
1020 887 1198 954 praecessor
1220 876 1266 937 eet
1288 874 1402 958 gratia,

278 979 398 1063 qnando
411 977 539 1045 caelitus
552 975 723 1060 multiplici
736 975 776 1040 ad
787 973 928 1059 requiem
939 972 1112 1039 innitemur
1124 973 1262 1054 hortatu,
1278 979 1403 1060 quaudo
1424 1015 1437 1052 s

276 1082 365 1148 nobis
387 1082 519 1148 dicitur:
543 1079 694 1158 uenite,
716 1077 821 1161 filii,
856 1076 994 1143 audite
1015 1095 1080 1142 me.
1105 1079 1263 1158 uenite,
1288 1080 1402 1148 bene·

277 1185 392 1267 dicti,
416 1187 546 1268 patris
563 1185 652 1265 mei,
675 1181 1075 1268 possideteparatum
1091 1181 1401 1267 uobisregnnm.

275 1288 341 1354 ubi
363 1303 432 1371 ego
455 1305 551 1362 snm,
574 1287 630 1353 ibi
653 1287 736 1353 erit
759 1292 797 1352 et
819 1287 1004 1352 minister
1024 1303 1140 1350 meus.
1163 1285 1217 1351 sed
1240 1285 1304 1351 uisi
1326 1287 1402 1353 tali·

275 1393 332 1457 bus
354 1389 482 1456 monitis
501 1391 532 1454 et
557 1391 701 1456 uoluntas
716 1392 824 1456 nostra
838 1407 916 1473 quae
929 1389 1029 1455 libera
1042 1391 1091 1453 est
1112 1389 1145 1453 et
1158 1388 1247 1455 labor
1260 1395 1403 1474 praestet

274 1493 480 1578 obsequium,
519 1493 558 1558 ad
580 1491 752 1576 periculum
776 1494 809 1558 et
838 1491 1010 1576 gehennam
1039 1509 1102 1556 nou
1130 1493 1263 1576 imperio
1284 1494 1437 1579 aliquan

273 1599 327 1664 sed
350 1602 461 1681 sponte
484 1596 690 1663 deuoluimur.
714 1595 821 1679 itaque
837 1601 891 1660 aut
908 1594 1083 1677 praemium
1106 1595 1230 1659 deuotio
1253 1601 1310 1661 aut
1325 1615 1400 1680 poe-

273 1721 346 1768 nam
369 1701 565 1784 contemptus
589 1701 740 1784 operatur.
780 1697 916 1782 alioquin
937 1714 999 1763 non
1022 1697 1082 1762 erit
1112 1698 1196 1762 iusta
1221 1699 1400 1780 retributio,

273 1822 351 1888 qnae
383 1808 438 1869 aut
471 1821 528 1886 per
554 1800 708 1884 supplicia
735 1801 871 1866 refertur
898 1801 1082 1866 necessitate
1111 1801 1312 1883 peccantibus
1344 1811 1399 1869 aut

272 1905 387 1972 bonam
420 1907 591 1971 mercedem
628 1903 718 1969 offert
752 1903 838 1987 operi
872 1903 910 1968 ad
944 1904 1025 1986 quod
1053 1903 1262 1970 adtrahuntur
1290 1907 1397 1972 inuiti.

271 2025 344 2092 orgo
367 2007 515 2074 debemus
544 2007 665 2089 gratiae
687 2007 769 2088 quod
791 2023 954 2085 nocemur,
978 2005 1126 2072 debemus
1149 2007 1285 2092 gratiae,
1315 2013 1434 2092 quodn

272 2110 403 2176 occultis
426 2107 609 2188 itineribus,
632 2108 692 2173 nisi
715 2109 907 2186 resistamus,
930 2127 1021 2192 sapor
1043 2110 1134 2176 nobis
1155 2110 1264 2176 uitalis
1287 2112 1399 2178 insun-

270 2214 371 2280 ditur:
401 2213 522 2277 nostrae
544 2212 649 2275 tamen
672 2211 833 2276 electionis
849 2213 998 2294 est‘quod
1013 2211 1161 2279 beneficis
1184 2213 1397 2280 demonstrata

269 2321 434 2384 sectamur.
473 2315 526 2379 uia
554 2314 639 2379 onim
666 2315 821 2379 scelernm
850 2333 911 2379 non
940 2315 1124 2399 imperatrix
1151 2320 1256 2382 nostra
1277 2318 1397 2402 legitur

271 2438 346 2495 esse,
370 2419 423 2484 sed
445 2415 580 2496 famula,
605 2435 676 2482 cum
698 2419 735 2483 de
760 2417 893 2499 peccatis
916 2418 1047 2484 dicitur:
1076 2419 1147 2484 snb
1171 2422 1208 2484 te
1231 2422 1310 2486 erit
1332 2423 1396 2488 ad-

268 2524 420 2610 petitus
454 2538 593 2588 eorum.
632 2519 706 2602 quid
736 2523 831 2586 etiam
859 2519 921 2587 sibi
950 2522 1021 2586 uult
1048 2521 1196 2588 uniuersa
1222 2524 1430 2607 prophetasse

269 2625 358 2710 quasi
374 2625 464 2690 sertis
479 2623 624 2689 redimita
646 2624 796 2689 elocutio:
820 2623 946 2689 nolite
969 2625 1165 2691 aemulari
1187 2627 1298 2692 inter
1320 2647 1394 2694 ma·

267 2728 482 2812 liguautes.
520 2725 646 2791 nolite
674 2727 883 2792 confidere
904 2728 945 2793 in
967 2730 1238 2812 principibus.
1262 2731 1393 2798 nolite

269 2831 364 2898 fieri
387 2832 493 2897 sicut
517 2847 638 2912 equus
661 2833 699 2895 et
721 2831 867 2909 mulus,
891 2833 1113 2914 etapostolus:
1137 2834 1272 2899 nolite
1294 2835 1393 2901 fieri

266 2935 374 3000 serui
396 2933 620 2998 hominum?
649 2933 765 2999 totiens
787 2925 873 3000 ‘noli'
893 2935 926 2999 in
939 2955 1073 3019 superna
1094 2936 1306 3002 admonitione
1331 2956 1390 3021 quo

267 3037 403 3118 respicit,
427 3035 453 3100 ei
476 3033 562 3100 aliud
585 3033 666 3099 uelle
688 3053 750 3102 non
769 3035 883 3103 lieuitr
906 3039 1016 3103 deinde
1039 3041 1181 3122 quamuis
1204 3039 1237 3105 in
1259 3059 1425 3124 personare

268 3137 386 3205 Christi
401 3138 509 3203 tamen
523 3156 578 3219 pro
601 3137 722 3203 arbitrii
738 3139 949 3223 adstipulatur
964 3145 1102 3209 eiusdem
1118 3143 1288 3226 prophetae
1303 3145 1391 3211 nobis

367 3339 506 3408 omos,
526 3343 556 3396 11
635 3343 768 3398 ecaton
785 3343 828 3409 25,
842 3344 877 3399 31
891 3361 931 3414 sq.
1008 3345 1082 3402 elo.
1102 3348 1143 3415 12,
1161 3347 1196 3403 26
1276 3350 1309 3404 19
1325 3347 1389 3404 Gen.

262 3429 323 3494 4‚7
426 3425 869 3498 21Ps.3c‚1;145,3;31,9
972 3431 1211 3500 idmonwt

311 3615 327 3669 2
345 3615 464 3670 laeeabor
477 3615 546 3670 Pru
648 3617 665 3670 3
683 3619 775 3670 autore
788 3617 822 3681 B,
841 3620 968 3674 aetoreT
1071 3624 1175 3690 gratiae
1187 3621 1230 3678 Pb
1330 3641 1389 3695 pro-

258 3705 381 3756 testante
399 3701 434 3766 B,
462 3703 598 3771 prestante
616 3701 678 3768 LV,
705 3707 861 3772 praestante
879 3705 949 3760 Pro
1052 3709 1110 3776 ipso
1128 3707 1263 3778 BLTVb,
1291 3711 1349 3781 ipse
1365 3711 1392 3765 P

259 3794 285 3842 et
304 3787 384 3842 Siren.
478 3790 495 3842 4
513 3788 678 3856 predecessor
698 3791 732 3845 Τ1
819 3792 836 3846 6
853 3791 894 3846 fili
911 3793 939 3847 B
1030 3794 1147 3862 ipatres
1159 3795 1227 3851 BV*
1314 3799 1388 3853 nobis

260 3875 351 3928 ratum
370 3873 396 3926 T
492 3874 525 3928 10
536 3874 636 3943 inperio
647 3876 675 3931 L
771 3877 977 3934 11diu01uimnr
988 3879 1101 3936 BM'V
1196 3883 1229 3938 14
1246 3887 1319 3954 operi
1338 3886 1406 3961 ao„
1485 3910 1490 3939 a

258 3973 310 4014 orn.
335 3956 457 4023 mv,-
483 3958 520 4024 οἵ.
544 3960 655 4016 Wiener
677 3960 794 4018 Studien
814 3963 854 4018 H
862 3981 893 4034 p.
910 3967 968 4020 242
1070 3967 1216 4024 trahuntur
1238 3969 1320 4026 sitm

261 4044 292 4098 15
317 4045 422 4113 gratius
440 4060 490 4099 orn.
510 4045 539 4100 B
562 4047 593 4102 irs
611 4049 688 4103 endu
704 4048 807 4115 tincae,
834 4052 916 4107 aar&
932 4052 1044 4108 toclmit
1062 4055 1190 4110 δώοῆω
1294 4060 1327 4114 18
1348 4061 1387 4114 iu·

259 4129 376 4198 peratrix
388 4130 416 4185 L
514 4133 547 4186 19
559 4149 615 4188 esse
627 4135 726 4203 legitur
739 4135 821 4190 Siron.
917 4138 952 4192 20
962 4139 1057 4210 etium]
1069 4142 1142 4196 enim
1153 4141 1235 4198 Sim
1329 4161 1385 4216 pro·

259 4213 331 4269 fetae
343 4215 405 4270 BV
504 4217 538 4272 23
555 4233 639 4288 equus
657 4222 688 4274 tre
705 4220 763 4276 cius
780 4237 850 4278 corr.
870 4223 897 4278 L
999 4227 1113 4296 apostoli
1143 4227 1168 4281 Τ
1268 4231 1302 4286 26
1326 4247 1384 4302 pro·

256 4301 326 4356 ictae
343 4302 429 4358 BLV
521 4304 597 4360 nobis
616 4307 633 4360 1.
652 4312 672 4361 t
691 4311 723 4362 ut
742 4310 854 4365 facerem
871 4312 903 4366 in
921 4317 999 4368 tectu
1016 4330 1066 4368 om.
1084 4317 1116 4368 ias
1133 4332 1183 4385 my.
1202 4316 1254 4382 ias.
1273 4319 1337 4374 odd.
1359 4318 1383 4373 L
