2992 4967
400 320 515 393 Opuao
532 320 572 377 Π.
594 318 750 377 Libellus
767 334 825 391 pro
842 318 976 391 synodo.
1184 320 1247 388 311

117 510 208 577 lium
229 506 393 577 blanditiis
421 526 482 577 non
511 509 642 592 legator
674 508 728 575 sed
756 510 831 577 haee
856 510 913 575 deo
933 509 1049 576 nolim
1070 512 1249 651 durantur,

106 632 142 681 a
168 632 228 698 quo
249 612 351 699 frugis
373 614 464 681 huius
486 613 595 697 planta
622 610 789 681 deseendit

169 735 221 803 Ad
243 753 297 802 uos
316 754 366 802 me
388 732 509 801 redusit
529 734 681 819 propositi
703 736 803 820 operis
824 751 886 800 non
901 734 1003 800 amisa
1020 732 1169 811 eondieio,
1191 734 1247 817 qui

116 838 306 904 melioribus
340 836 489 903 haetenus
517 854 640 922 operam
671 838 757 904 uolui
787 838 904 904 nauare
932 834 1146 915 sermonibus,
1171 836 1248 902 dum

80 942 281 1026 seaptiuam
303 942 473 1009 orationem
495 940 594 1025 exigit
615 940 782 1026 imperiosa
795 938 973 1007 neoeaeitas.
1007 939 1131 1006 dxistis
1146 939 1246 1005 onim:

118 1042 296 1129 “quomodo
312 1042 349 1110 de
365 1062 459 1111 eausa
475 1047 526 1111 uel
549 1042 700 1127 qualitate
716 1044 781 1109 sios
794 1041 940 1126 primitus
956 1041 1152 1121 tractabatis,
1174 1060 1247 1109 oum

115 1147 256 1214 nsodum
278 1148 405 1216 haberet
426 1148 560 1231 synodus
583 1144 810 1213 firmitatem?
834 1144 1009 1212 otrentum
1031 1146 1174 1232 diationis
1196 1146 1246 1212 iu·

114 1250 258 1318 mundas
279 1252 312 1317 et
332 1250 444 1318 faeiem
471 1250 580 1332 libelli,
607 1269 702 1334 quam
723 1268 784 1316 non
806 1250 874 1316 sola
894 1248 1066 1316 maculauit
1087 1248 1244 1332 inperitia.

117 1357 278 1420 tractatus
314 1355 412 1421 nostri
448 1356 642 1440 prouinoiom
674 1358 707 1419 st
739 1355 873 1421 narratis
906 1353 939 1420 et
970 1354 1129 1436 quaeritis.
1172 1352 1247 1418 hino

76 1474 106 1517 no
115 1474 247 1521 eramus
261 1476 372 1541 nempe
387 1457 484 1538 dubii,
499 1457 581 1541 quia,
604 1456 865 1540 quemadmodum
878 1455 1054 1540 loquimini,
1074 1472 1137 1522 nou
1151 1455 1246 1521 liabe-

115 1560 179 1625 bet
199 1560 332 1643 synodus
354 1556 554 1627 firmitatem:
576 1558 732 1627 transibat
749 1559 868 1644 nagmit
883 1559 1018 1643 quanta
1032 1557 1245 1625 auditumset

115 1664 194 1745 plus
223 1663 324 1729 adhue
352 1666 545 1731 remanserat
572 1666 606 1731 in
627 1665 803 1731 reuerentia
823 1662 957 1747 pulsati,
991 1680 1086 1746 quam
1107 1663 1189 1728 eooot
1207 1661 1244 1729 iu

116 1766 223 1831 nostri
243 1766 427 1851 integritate
449 1768 582 1851 eollegii.

166 1882 283 1952 Deinde
305 1902 360 1971 pro
383 1886 597 1970 quaestionum
621 1888 785 1953 tormentis
806 1884 1016 1952 uenerabilem
1036 1884 1243 1952 Laurentium

78 1988 152 2055 rest
174 1986 302 2055 Petrum
334 1990 490 2073 episcopos
512 2008 531 2055 a
553 1991 766 2056 communione
793 2005 893 2074 papae
914 2008 947 2055 se
974 1990 1170 2072 suspendisse
1191 2007 1243 2056 re-

114 2090 245 2177 plio'atis
269 2094 300 2157 et
329 2092 475 2176 quiequid
503 2090 640 2177 prouidit
669 2090 773 2159 oaotio
801 2096 1039 2159 oonuooatornm
1067 2092 1181 2159 duoitis
1202 2092 1243 2159 ad

116 2194 238 2259 crimen
266 2194 402 2277 inpoliti.
436 2196 539 2261 ullone
568 2213 640 2281 ergo
669 2199 825 2277 tempore,
855 2195 931 2260 dum
953 2192 1182 2261 eelebrarentur
1202 2194 1243 2261 ab

115 2297 169 2362 his
192 2313 282 2362 suoru
302 2294 480 2380 missarum,
503 2297 672 2363 anominis
685 2296 751 2363 eins
775 2295 1069 2364 oommemoratione
1085 2301 1242 2363 aessatum

118 2402 196 2465 eet?
215 2418 365 2483 umquam
386 2418 442 2485 pro
464 2398 621 2465 desideriis
643 2402 755 2466 uestris
773 2402 841 2466 sine
863 2400 927 2466 ritu
950 2400 1101 2466 catholico
1117 2402 1149 2466 et
1161 2418 1240 2467 uano

78 2520 206 2570 remora
236 2504 426 2590 semiplenas
453 2502 605 2570 nominati
628 2502 786 2571 antistites
800 2504 928 2571 'hostias
948 2503 1164 2571 obtuleruntt'
1183 2504 1242 2571 ali·

114 2604 256 2691 qnando,
282 2604 363 2691 quod
385 2606 480 2691 ospiti
502 2608 606 2675 uestro
627 2604 841 2687 adsentator,
868 2607 953 2673 laeto
975 2612 1021 2674 est
1042 2609 1124 2690 apud
1147 2609 1242 2673 deum

114 2708 236 2776 offensa
262 2729 319 2794 per
345 2711 482 2797 gratiam
517 2716 548 2777 et
576 2708 681 2776 extitit
715 2712 820 2776 nutrix
854 2713 964 2776 neniae
992 2712 1112 2795 peooati
1141 2713 1241 2775 mater

114 2812 256 2879 oblatio?
278 2812 405 2878 luerunt
427 2812 551 2897 quidem
573 2810 709 2897 eorporis
731 2816 857 2880 tuntum
875 2814 1076 2879 oonuentione
1092 2808 1240 2894 separati,

114 2932 195 2999 quoe
216 2914 368 2998 loqueris,
392 2916 564 2983 animarum
587 2918 693 2983 tamon
714 2918 925 3001 praesentiam
946 2934 1009 2986 non
1029 2918 1180 2983 uitarnnt.
1212 2916 1241 2981 si

168 3188 343 3249 lblandioiis
360 3191 404 3257 R,-
429 3208 483 3248 non
501 3195 617 3249 utuntur
634 3190 769 3266 logatione
786 3192 852 3252 odd
869 3195 897 3249 A
1000 3198 1127 3251 narratur
1148 3189 1175 3250 V

112 3288 132 3345 2
158 3288 239 3343 huius
264 3286 337 3342 modi
365 3287 409 3343 Pb
520 3286 654 3343 distendit
680 3287 708 3343 Β
819 3288 836 3343 3
862 3289 980 3345 eonditio
1007 3291 1174 3362 ΔΒΒΒΤΒ

109 3382 353 3451 ῥομιιιιιιΑΒιιι
437 3358 838 3453 praesumpsissemus,
854 3386 1037 3455 pamposiae
1126 3385 1239 3449 idioti?

111 3477 173 3532 oms
183 3492 241 3536 ιιι.
259 3478 287 3535 Β
390 3478 579 3537 mmmmm
595 3478 624 3535 Β
727 3479 859 3549 ansus]
876 3493 932 3537 uon
948 3480 978 3537 Β
1074 3478 1239 3549 peamau

111 3584 271 3654 ABRV
300 3662 303 3671 Ι
326 3598 371 3653 hio
397 3594 424 3653 V
523 3596 559 3653 10
582 3611 698 3654 ermenus
724 3600 750 3652 1·
848 3592 947 3657 meae
968 3602 996 3657 Β
1056 3581 1136 3656 11
1160 3574 1237 3684 sudd-

109 3696 189 3748 tnrue
212 3688 240 3745 Β
342 3693 375 3747 13
398 3694 485 3752 nostri
503 3710 553 3751 ooo.
571 3691 631 3748 Bm
736 3695 770 3749 14
791 3696 849 3765 pro]
863 3698 928 3765 poet
944 3697 1005 3772 Raro
1106 3691 1236 3753 tementis

110 3785 182 3855 AB,
208 3786 389 3844 torrentesut
491 3787 690 3844 mesfat
793 3769 995 3873 oapliootuaB
1097 3792 1236 3863 ldqnid·

111 3876 178 3950 qnid
204 3879 232 3934 B
333 3878 453 3951 prouidit
479 3880 505 3936 P
606 3884 725 3938 namatio
751 3883 780 3937 Β
884 3883 917 3938 17
943 3885 1047 3956 nllolna
1072 3887 1147 3953 (no'
1135 3905 1168 3942 m
1183 3904 1237 3960 sup.

112 3969 189 4035 adst)
207 3972 236 4028 Β
318 3972 356 4027 18
373 3974 577 4031 anomiuaeim
595 3976 648 4029 ι’·
635 3988 733 4033 mres.
746 3991 816 4032 eoos.
901 3976 938 4032 tt)
954 3978 1110 4049 simiplenas
1129 3980 1168 4036 Β·

111 4066 245 4123 uersuta
263 4066 291 4123 Β
386 4068 421 4122 21
439 4070 538 4139 uestro]
557 4076 607 4141 epo
624 4072 652 4126 Δ
746 4070 781 4127 aa
797 4070 904 4141 extitit]
919 4073 1026 4129 mitat
1042 4074 1089 4131 Po
1172 4090 1235 4177 pose

109 4160 335 4219 aulenses
414 4166 651 4221 materani!
752 4158 1230 4293 meopaammaesodetar

112 4251 296 4324 adparentia
312 4256 339 4309 Δ
400 4244 597 4315 uitaueruut
615 4260 652 4315 Β·
779 4280 784 4290 ·
1224 4262 1231 4290 ³
