2992 4967
300 341 364 407 528
659 335 774 404 Magni
791 334 916 392 Felicis
933 332 1065 388 Ennodi

300 533 332 594 et
354 528 470 611 ubique
493 529 596 595 metus
619 527 677 605 est,
700 525 824 608 quaudo
846 524 953 592 nullus
974 525 1007 590 in
1029 522 1179 590 solacium
1201 523 1321 592 deserti
1334 541 1418 588 soum

301 633 437 698 auditur.
471 632 525 697 sed
546 634 574 697 si
586 649 734 698 aurarum
750 627 852 696 sibilis
867 626 1012 696 arbomm
1026 644 1133 692 comae
1148 627 1274 711 linguae
1290 625 1419 710 speeiem

301 734 495 800 mentiantur
511 736 542 799 et
557 735 677 800 ridente
692 732 848 798 frondium
862 731 952 798 motu
966 728 1102 814 appellet
1116 730 1275 798 hominem
1291 730 1420 797 iucunda

300 839 467 917 concussio,
489 836 653 921 putabitur
673 834 887 902 ambientibus
908 835 1010 900 latera
1024 833 1161 900 coetibus
1185 834 1348 912 interesse,
1370 852 1422 899 neo

299 941 436 1024 aliquam
459 959 641 1008 aerumnam
662 938 761 1024 gemit
782 957 876 1022 quem
898 937 982 1004 inter
1003 939 1122 1004 secreta
1143 955 1202 1004 sna
1222 939 1293 1021 ipsa
1315 939 1449 1005 natum

299 1043 491 1126 quibuslibet
506 1041 668 1109 elementis
683 1040 863 1124 alloquitur.
879 1041 968 1109 iuuat
983 1043 1059 1106 tnnc
1074 1040 1262 1107 exulationis
1276 1040 1420 1107 comitem

300 1147 441 1213 fistulam
473 1145 566 1211 labiis
601 1145 766 1211 admouere
797 1146 828 1209 et
857 1142 984 1211 flatibus
1016 1163 1071 1226 per
1106 1144 1276 1210 testudinis
1312 1146 1420 1210 rimosa

300 1250 447 1333 dispersis
480 1253 634 1331 quandam
668 1247 706 1312 de
739 1246 853 1329 spiritu
881 1250 914 1312 et
945 1264 1021 1314 sura
1053 1265 1225 1332 conponere
1257 1251 1421 1316 rationem.

298 1356 375 1418 tnnc
390 1351 607 1419 Palaemonem
628 1370 720 1418 suum
734 1351 849 1416 rudens
866 1351 898 1416 et
919 1349 1106 1418 infabricata
1127 1353 1235 1437 lingua
1255 1353 1419 1436 conpellat,

298 1459 375 1522 tuno
403 1462 548 1522 numeret
576 1457 699 1539 quantis
727 1473 852 1522 seruare
879 1455 984 1522 caulas
1009 1455 1052 1520 sit
1073 1473 1150 1541 opus
1171 1457 1325 1534 excubiis,
1349 1461 1448 1520 tuneo

297 1559 489 1643 multiplices
518 1561 663 1642 luporum
693 1558 821 1624 insidias
851 1575 928 1640 quas
957 1559 1042 1623 acuit
1070 1557 1171 1626 tames
1191 1561 1350 1644 magistra
1370 1577 1418 1624 su·

298 1663 412 1745 spirat,
435 1666 511 1728 tunc
532 1663 566 1726 in
587 1680 762 1728 sermonem
784 1660 868 1727 cadit
889 1661 1037 1744 quioquid
1068 1661 1238 1729 efflauerit:
1273 1662 1371 1731 huius
1392 1681 1420 1726 se

298 1766 402 1845 solari,
425 1765 518 1830 huius
540 1766 654 1831 nititur
674 1765 812 1830 mulcere
834 1765 976 1846 collegio.
1010 1763 1059 1830 oui
1081 1764 1160 1830 talia
1181 1765 1290 1850 agenti
1309 1765 1416 1848 siquis

297 1869 559 1934 sermocinantem
588 1865 700 1933 fidibus
728 1866 882 1934 citharam
904 1868 1014 1934 doctus
1037 1870 1201 1934 admoneat
1222 1873 1254 1934 et
1277 1869 1419 1953 loquacia

297 1970 351 2038 fila
372 1971 486 2037 inrisor
508 1969 646 2035 urbanus
670 1969 823 2054 adportet,
846 1969 881 2036 in
902 1970 1034 2054 ancipiti
1057 1974 1105 2036 est
1120 1971 1195 2056 quid
1216 1973 1319 2058 eligat
1340 1973 1444 2039 nudae

297 2073 500 2158 simplicitas,
531 2072 603 2138 dum
632 2073 718 2157 lyrae
746 2075 848 2139 taetus
869 2073 943 2139 lieet
965 2073 1140 2140 errantibus
1163 2075 1273 2158 digitis
1296 2077 1416 2141 dulcem

298 2178 329 2242 et
350 2176 405 2260 qui
426 2178 564 2242 animam
593 2176 718 2260 frangat
745 2178 897 2260 crepitum
926 2175 1037 2242 reddit.
1076 2177 1164 2244 nefas
1187 2183 1294 2246 mmen
1318 2181 1415 2264 putat,

296 2281 323 2346 si
346 2281 440 2346 alieni
463 2281 581 2345 tractus
603 2279 708 2362 lepore
735 2281 886 2363 propositi
909 2281 1029 2348 auitam
1049 2282 1150 2349 diseat
1171 2285 1339 2350 scientiam
1361 2299 1415 2346 uon

297 2399 411 2463 amare,
428 2386 473 2462 ut,
488 2385 563 2448 dnm
578 2382 708 2449 infrenis
722 2383 860 2451 ambitus
876 2384 1056 2451 rusticantis
1072 2386 1234 2452 doctrinae
1249 2386 1415 2451 terminum

297 2504 360 2551 non
381 2487 520 2563 metitur,
543 2487 737 2571 superiorum
759 2486 872 2553 affectu
890 2488 1004 2571 etipsa
1019 2507 1051 2553 se
1074 2488 1237 2572 possibilia
1252 2489 1441 2571 intellegite

295 2589 505 2672 perditurum,
535 2607 606 2654 cnm
634 2590 826 2656 nescientem
853 2591 928 2673 qnid
951 2591 1055 2658 ualeat
1077 2593 1250 2676 mapalium
1272 2594 1414 2660 alumnus

296 2692 365 2774 ipsa
391 2694 538 2775 paternas
558 2693 770 2759 institutionis
792 2692 990 2760 mediocritas
1018 2696 1108 2777 quasi
1131 2698 1260 2762 externa
1281 2697 1413 2763 conmm-

297 2796 359 2859 nat
394 2812 456 2861 non
483 2796 578 2860 aliter
608 2814 672 2874 me,
706 2796 756 2861 uir
786 2797 996 2878 amplissime,
1030 2797 1111 2862 iuter
1143 2800 1281 2865 maxima
1315 2797 1413 2865 ennae

296 2897 397 2963 sidera
413 2899 620 2980 conputande,
643 2899 734 2965 iubar
748 2899 922 2979 facundiae,
945 2901 1140 2983 ingeniorum
1154 2901 1291 2981 flamma,
1313 2902 1412 2986 splen·

296 2999 351 3064 dor
384 3002 586 3084 eloquentiae,
621 3002 792 3067 dictionum
827 3020 947 3087 census,
981 3021 1035 3085 per
1070 3023 1231 3071 nemorum
1263 3004 1352 3071 inuia
1379 3004 1441 3067 ada

295 3102 396 3168 instar
428 3104 593 3188 pastoralis
629 3103 753 3169 fistulae
789 3123 867 3188 qnae
900 3105 1008 3171 uiliter
1045 3111 1210 3174 narrantur
1246 3105 1410 3177 oblectant

347 3289 485 3392 nuptm
503 3325 531 3380 a
633 3325 788 3397 suppedit
811 3328 839 3383 a
940 3329 1054 3384 iocunda
1077 3329 1180 3386 aare
1282 3332 1300 3386 4
1319 3345 1411 3387 ona-

294 3409 382 3463 cnssio
405 3411 445 3478 L,
473 3413 592 3467 conlusio
615 3413 647 3468 Β
745 3413 892 3483 putabatur
910 3413 949 3469 L¹
1051 3416 1138 3471 latera
1154 3417 1299 3472 coelitibus
1321 3419 1351 3484 V,
1376 3430 1411 3469 ce

294 3494 367 3550 tibus
385 3495 473 3552 latera
493 3499 524 3568 T,
553 3499 641 3553 latera
657 3499 689 3554 Β
787 3501 804 3555 5
829 3514 966 3556 erumnam
988 3501 1129 3558 BLPTV
1205 3490 1244 3558 ”6
1261 3501 1408 3559 aelementis

295 3579 335 3645 B,
362 3581 424 3636 aliia
447 3582 476 3650 b,
503 3599 553 3640 cae.
578 3584 660 3640 Sim
762 3585 840 3640 iubat
863 3586 891 3641 Β
992 3587 1009 3640 7
1032 3585 1158 3641 testatam
1180 3587 1221 3656 Β,
1247 3605 1298 3644 msa
1323 3589 1353 3644 E

293 3684 492 3754 tpalemonem
509 3688 574 3742 labri
659 3661 749 3777 ridens
768 3691 803 3753 Β,
829 3690 938 3744 rudisb
1029 3690 1059 3744 11
1079 3691 1157 3745 tanne
1175 3691 1203 3745 Β
1289 3693 1323 3748 12
1340 3690 1408 3746 cadet

294 3788 322 3842 Β
411 3791 544 3862 quidquid
559 3791 588 3846 Β
683 3794 716 3848 14
733 3791 835 3849 lidebus
853 3793 891 3849 Β
987 3793 1124 3864 cytharam
1141 3795 1169 3848 B
1265 3797 1297 3851 15
1315 3793 1409 3892 aplortet

295 3894 476 3964 Ropportet
493 3897 525 3951 Β
607 3897 696 3967 elegat
712 3898 740 3953 Β
833 3899 865 3953 16
882 3897 943 3968 lyra
952 3899 981 3952 et
993 3900 1069 3954 aetus
1087 3897 1197 3954 BELT
1280 3901 1313 3955 11
1330 3909 1406 3954 amam

297 3979 330 4044 V,
356 3982 456 4037 nimam
474 3981 541 4038 ΕΒ
637 3984 730 4040 reddet
747 3985 775 4040 Β
878 3986 911 4041 18
928 3985 1025 4056 lepore]
1044 4001 1132 4041 amore
1152 3985 1233 4042 Sim
1336 3978 1406 4054 positi

293 4066 321 4121 Β
422 4069 458 4124 ad
479 4069 566 4126 uitam
587 4071 629 4138 Β,
656 4071 769 4128 amicam
789 4073 816 4127 P
839 4075 882 4142 (m.
901 4075 922 4126 Β
938 4073 970 4128 ia
988 4074 1089 4144 mplb
1190 4073 1225 4128 22
1248 4067 1405 4140 contempnat

294 4154 412 4221 BELV,
441 4155 601 4212 condemnat
623 4159 670 4214 Pb
772 4160 806 4216 24
828 4159 918 4213 inrbar
941 4159 978 4214 Β·
1087 4161 1121 4216 26
1143 4161 1228 4214 instar
1251 4159 1285 4214 ad
1309 4160 1346 4214 1¹¹

293 4225 399 4314 asinar
418 4261 451 4329 n,
478 4263 593 4318 uiriliter
610 4265 658 4321 Po
