2992 4967
429 1220 906 1335 PRAEFATIO.

258 1510 285 1593 Ι.
318 1510 379 1594 bb
411 1510 652 1597 ecbibitis
678 1512 736 1597 ET
767 1512 1076 1600 EDITIONIBVS.

146 1699 275 1767 Codices
304 1700 417 1784 quibus
440 1702 573 1769 Enncdii
603 1722 696 1787 opera
724 1704 893 1770 traduntur
915 1722 986 1769 cum
1009 1705 1060 1769 sat
1081 1703 1176 1769 multi
1196 1704 1232 1769 in

100 1803 305 1869 bibliothecis
335 1810 546 1890 asseruentur,
569 1806 759 1889 antiquitate
786 1808 878 1890 pauci
906 1811 980 1872 sunt
1009 1806 1147 1891 insignes
1175 1824 1232 1873 uec

101 1906 189 1973 ullus
222 1924 329 1973 eorum
362 1908 521 1975 saeculum
543 1928 573 1992 p.
597 1910 669 1975 thr.
692 1928 812 1976 nonum
844 1914 982 1991 superat.
1022 1913 1096 1975 sunt
1124 1914 1231 1975 autem

102 2008 215 2091 optimi
239 2009 529 2094 antiquissimique:

146 2128 249 2196 Codex
277 2131 547 2198 Bruxellensis
576 2132 707 2199 membr.
736 2133 772 2197 in
798 2133 833 2196 4ο
854 2150 935 2197 8888.
957 2132 1054 2197 VIIII
1082 2130 1284 2197 fclicrumB

101 2234 166 2299 206
188 2235 223 2299 iu
245 2235 386 2319 catalogo
409 2236 475 2302 cius
499 2236 708 2303 bibliothecae
739 2236 926 2320 (0818189888
954 2236 1009 2301 des
1037 2236 1232 2301 8888888188

100 2336 140 2401 de
161 2337 196 2401 ln
217 2336 417 2420 bibliotheque
437 2339 545 2423 royatc
565 2340 619 2405 den
639 2341 716 2405 duce
730 2340 969 2423 deBoarpopne
989 2343 1057 2405 tom
1075 2340 1135 2421 Ip.
1153 2340 1230 2423 197)

100 2460 149 2505 nn.
173 2440 268 2525 9845,
291 2442 385 2509 9846.
408 2443 491 2508 9841
520 2444 671 2526 signatus.
707 2445 761 2527 qui
788 2447 864 2527 quot
890 2440 1049 2509 fasciculis
1072 2443 1231 2525 compagi·

99 2547 195 2610 natue
216 2546 268 2621 sit,
291 2546 380 2612 hodie
404 2548 488 2613 certe
503 2546 624 2613 definiri
647 2548 766 2630 nequit,
790 2564 862 2613 cum
878 2546 996 2629 integri
1010 2546 1231 2627 quaterniones

100 2666 173 2713 cum
204 2648 338 2733 singulis
370 2650 453 2716 foliis
487 2648 643 2717 coniuncti
675 2651 740 2715 sint
772 2651 833 2727 ita,
865 2652 903 2715 ut
935 2648 1170 2732 quaternionem
1197 2650 1230 2713 in

100 2751 154 2817 fel.
179 2752 220 2816 19
249 2753 408 2818 exeuntem
430 2752 505 2819 folia
527 2754 588 2819 duc
610 2752 767 2830 808181,
790 2754 1025 2835 quaternionem
1046 2751 1228 2818 11181191

100 2860 263 2920 exeuntem
285 2856 346 2921 tria
375 2854 451 2922 folia
478 2876 532 2939 par
555 2876 587 2923 se
615 2857 717 2939 posita
746 2857 922 2938 sequantur,
953 2856 986 2919 et
1012 2872 1084 2919 rara
1105 2854 1230 2919 tantum

100 2958 193 3041 signa
220 2960 250 3023 in
279 2959 352 3024 imis
379 2960 571 3043 marginibus
598 2961 722 3044 adpicta
743 2963 912 3044 appareant
935 2958 1023 3023 uelut
1043 2960 1077 3023 in
1099 2958 1152 3025 fol.
1177 2959 1232 3023 15·

102 3062 138 3143 Q.
161 3061 213 3140 Π,
234 3062 289 3129 fol.
313 3064 369 3129 89¹¹
391 3085 422 3143 c,
446 3064 499 3131 181.
523 3066 624 3145 991,
648 3065 701 3130 181.
725 3062 903 3144 988181.
929 3064 1002 3129 106¹
1022 3062 1054 3148 d,
1078 3064 1132 3130 181.
1157 3063 1232 3129 181·

98 3184 137 3243 a,
171 3164 225 3230 181.
250 3166 323 3231 191’
344 3182 368 3233 8.
421 3186 519 3251 neque
555 3168 668 3234 certius
706 3167 874 3251 quicquam
910 3186 980 3232 mec
1016 3166 1143 3250 quidem
1180 3166 1230 3230 iu-

98 3269 179 3334 dicio
206 3270 244 3335 de
270 3273 389 3337 duobus
411 3273 462 3338 uel
489 3272 592 3338 tribus
614 3274 761 3353 librariis,
794 3274 848 3356 qui
870 3273 1006 3339 euticem
1027 3272 1231 3355 scripserunt,

98 3370 154 3437 ubi
184 3374 314 3457 quisque
344 3393 448 3441 acrum
478 3374 613 3441 scribere
643 3376 809 3459 inceperit,
843 3376 899 3441 ubi
927 3376 966 3441 ab
994 3376 1057 3442 alic
1085 3378 1230 3457 exceptus

98 3476 152 3559 sit,
177 3478 326 3543 constitui
356 3480 465 3561 potest.
489 3478 522 3545 in
552 3482 641 3546 tenta
671 3480 755 3545 enim
777 3480 961 3546 diuersitate
990 3480 1057 3544 tam
1079 3481 1231 3562 cognatae

98 3597 205 3646 corum
219 3598 332 3647 manus
344 3585 417 3648 sunt
432 3600 532 3666 neque
544 3602 606 3649 una
620 3584 746 3649 tantum
759 3602 867 3649 earum
882 3584 916 3647 iu
931 3582 1025 3660 feliis,
1042 3601 1122 3665 quae
1137 3581 1231 3646 unius

97 3682 240 3749 1188181111
269 3686 349 3763 sunt,
384 3686 543 3751 exarandis
571 3686 763 3753 laborauisse
784 3686 918 3751 uidetur.
963 3685 1102 3751 cchcem
1123 3685 1229 3749 antem

97 3806 153 3869 per
181 3787 320 3871 singulos
348 3787 516 3854 fasciculos
538 3808 597 3855 non
621 3790 659 3854 ab
683 3806 744 3853 unc
773 3788 902 3854 librario
924 3807 963 3853 ex
983 3789 1151 3871 archetypo
1173 3789 1228 3852 dc·

97 3890 254 3973 scriptum
277 3908 344 3955 esse
366 3890 439 3956 inde
460 3891 557 3956 ctiam
579 3893 785 3975 cognoscitur,
809 3892 891 3975 qued
906 3893 979 3957 ante
994 3908 1111 3957 nouum
1134 3890 1228 3956 18881-

97 3992 205 4057 culnm
228 3992 304 4059 iulia
325 3994 392 4059 tcta
414 3993 465 4060 nel
488 3993 631 4059 foliorum
653 3996 759 4078 partes
780 4012 883 4059 uacua
904 4000 987 4074 sunt,
1009 3997 1047 4059 ut
1061 3994 1114 4059 181.
1131 3994 1172 4059 81
1197 3999 1230 4057 81

98 4095 184 4173 168“,
209 4098 263 4161 ant
277 4098 359 4181 qued
375 4096 537 4181 Epistulae
553 4098 639 4163 1114
655 4100 752 4163 uerba
774 4096 1028 4163 ENNODIVS
1041 4095 1234 4162 ABBATI

97 4197 314 4264 STEFANO
336 4198 518 4264 litterarum
539 4236 582 4249 -
598 4200 768 4281 promimus
789 4204 849 4280 est,
881 4218 900 4266 a
926 4200 1041 4282 quibus
1069 4202 1230 4283 proximus

96 4302 266 4368 fasciculus
298 4302 427 4387 incipit,
463 4322 534 4371 cum
567 4306 600 4369 in
628 4303 682 4369 icl.
707 4306 763 4371 ὅδ’
784 4319 887 4371 errore
920 4298 1094 4387 praecepta
1116 4310 1231 4381 essent,

149 4420 197 4475 VI.
1159 4438 1176 4476 a
