2992 4967
415 390 651 461 Epistularum
668 389 758 445 libor
773 388 844 445 ΗΠ.
1135 390 1196 460 ,101

66 583 145 667 quod
168 599 227 647 uos
252 582 326 647 noui
348 581 459 647 debere
479 579 631 647 iustitiae.
653 579 687 645 in
703 576 812 645 Sieilia
826 578 909 645 euim
931 579 1082 664 praedicti
1103 596 1195 663 prae-

67 689 152 752 dium
175 686 260 751 bono
281 684 433 753 haetenus
461 684 527 750 iure
548 699 726 766 possessum
758 702 779 749 u
799 683 994 751 consortitur
1015 682 1195 765 perhibetur

67 792 223 856 inuasum.
248 806 330 854 nuno
352 787 391 853 ed
412 788 563 853 iuuameu
583 787 747 853 oiuilituiis
767 785 947 870 inpenditur
969 785 1118 871 quioquid
1140 804 1196 871 ego

65 908 251 977 promouere
266 890 478 976 supplicando.
502 890 627 955 domine
641 890 696 969 mi,
718 889 917 956 salutationis
933 888 1081 974 obsequia
1103 888 1197 974 plena

46 994 248 1061 rhumilitate
271 993 452 1077 persoluens
476 994 631 1075 deprecor,
653 995 690 1059 ut
712 993 795 1059 ciros
815 992 985 1059 memorati
1007 991 1119 1059 nobilis
1134 990 1196 1058 uiri

67 1099 238 1181 eonpeudis
273 1100 422 1181 pudorem
453 1098 537 1181 leges
568 1115 607 1165 so
638 1096 759 1179 reliqua
790 1114 871 1180 quae
891 1113 947 1178 per
971 1094 1194 1161 conscientiam

65 1203 206 1268 nstrum
230 1201 407 1267 subsistunt
429 1199 618 1285 reipublicae
639 1201 823 1265 ornamenta
841 1197 1000 1265 muniatis
1024 1197 1105 1265 uolo.

604 1421 658 1490 VI.

445 1575 605 1633 semro
630 1572 821 1633 stortomvs

40 1722 61 1761 o
108 1696 247 1781 Credidi,
269 1704 435 1785 postquam
449 1696 634 1783 magnitudo
656 1700 763 1765 uestm
776 1696 867 1765 bouis
888 1696 939 1763 est
958 1696 1089 1781 inpense
1102 1717 1196 1784 gene·

68 1800 185 1871 nalitus
209 1805 244 1870 et
267 1804 366 1869 otium
387 1804 538 1889 migrauit
559 1802 593 1867 in
615 1802 759 1887 gloriam,
782 1805 946 1885 postquam
961 1800 1197 1867 Rauennatibus

69 1906 202 1975 excubiis
225 1909 385 1992 ooeupoti,
420 1908 496 1972 dum
518 1909 654 1991 quietem
677 1907 818 1973 uestram
840 1904 1023 1990 neglegitis,
1058 1906 1198 1971 nostram

70 2012 152 2077 omni
187 2012 349 2079 soliditate
381 2010 512 2077 firmatis
539 2013 572 2077 et
605 2010 748 2094 priuatus
772 2010 882 2095 genius
915 2010 955 2075 ad
977 2009 1065 2090 regni
1087 2012 1199 2075 decors

71 2115 230 2194 transmit,
254 2115 378 2197 quando
400 2132 516 2180 nouom
537 2115 639 2181 lucem
656 2114 694 2179 de
708 2113 889 2180 domesticis
912 2112 1106 2178 abstractam
1120 2110 1197 2177 sini·

43 2215 123 2283 rebus
144 2218 304 2301 palatinus
334 2216 396 2283 sibi
417 2216 520 2301 fulgor
553 2216 667 2283 adiecit
688 2218 721 2283 et
744 2216 957 2301 angustiorem
988 2214 1084 2281 fuisse
1103 2212 1192 2297 regni

71 2320 116 2383 sui
136 2337 285 2406 pompam
301 2338 406 2386 rerum
428 2318 572 2385 dominus
589 2337 661 2386 oum
684 2336 741 2385 uos
755 2336 817 2385 nou
833 2316 947 2385 habuit
966 2318 1052 2383 reete
1066 2316 1197 2382 metitus

73 2422 123 2501 est,
144 2441 200 2507 pro
224 2422 387 2489 uicinitute
411 2424 576 2506 regionum
599 2420 715 2487 crebris
736 2440 789 2487 me
809 2420 1014 2488 releuaudum
1034 2438 1102 2487 esse
1123 2436 1198 2486 oon·

72 2524 190 2607 loquiis.
216 2530 271 2593 sed
286 2524 502 2594 inefficacibus
518 2526 583 2609 spei
598 2544 684 2592 meae
700 2526 878 2591 inluserunt
892 2524 1022 2608 peooate
1043 2521 1198 2590 consiliisr

73 2628 169 2697 nullas
191 2632 327 2717 paginus
350 2631 389 2697 ud
412 2630 594 2713 diligentiae
615 2628 834 2695 testimonium
855 2646 943 2694 mens
964 2644 1074 2693 serena
1095 2631 1198 2691 trans·

44 2730 179 2799 omittit.
203 2752 300 2817 graue
323 2738 370 2800 est
393 2734 420 2799 si
443 2751 581 2800 emonem
603 2750 665 2798 non
680 2732 794 2811 merui,
816 2731 946 2816 grauius
967 2732 995 2796 si
1016 2747 1109 2815 quem
1125 2747 1197 2795 exe·

73 2850 173 2915 geram
194 2836 276 2902 forte
298 2835 433 2903 turbari.
468 2835 533 2901 seio
556 2838 661 2901 tomen
695 2835 771 2900 haee
793 2832 1036 2918 oongruentibus
1070 2831 1199 2898 ueritati

74 2938 303 3004 excusationum
314 2937 450 3005 nubibus
462 2956 530 3004 esse
543 2934 723 3015 claudenda,
736 2941 768 3005 in
779 2935 912 3020 priuatis
923 2934 1058 3001 inueniri
1068 2950 1200 3000 munere

74 3034 257 3117 litterarum,
274 3057 335 3107 non
349 3040 433 3107 reete
448 3038 486 3107 ab
503 3041 661 3123 occupatis
675 3041 740 3105 isto
755 3038 895 3122 disquiri.
918 3039 971 3105 sed
986 3037 1060 3104 noui
1074 3036 1200 3103 firmem

75 3138 291 3211 inaffectione
325 3143 547 3210 eonsoientiam
575 3143 659 3210 inter
681 3144 811 3227 quaeuis
843 3143 981 3228 pondera
1002 3142 1036 3207 et
1066 3142 1201 3209 aduersa

46 3242 255 3313 odistraotom
277 3244 384 3314 debite
405 3264 461 3313 sua
481 3246 603 3331 gratiae
624 3265 686 3315 non
708 3264 833 3333 negare.
849 3264 932 3313 nuno
952 3244 1025 3313 nolo
1047 3262 1114 3311 esse
1128 3260 1200 3328 pro·

123 3516 138 3570 1
164 3518 269 3574 stellius
293 3518 322 3575 Β
424 3518 540 3588 predicti
563 3519 590 3573 B
693 3518 712 3573 2
737 3521 847 3574 aotanus
873 3519 902 3574 Β
1004 3520 1080 3575 imre
1104 3517 1132 3573 t

76 3632 237 3709 equiequis
254 3638 310 3695 nn
412 3638 496 3709 imi]
515 3638 629 3695 minin
731 3640 748 3695 r
766 3638 961 3710 repressos
1061 3612 1200 3695 mini-sm

76 3717 101 3772 Β
199 3726 261 3781 uale
280 3740 332 3784 om.
350 3725 378 3780 Β
1089 3708 1096 3725 ’

124 3842 168 3904 VI.
205 3847 222 3900 9
240 3846 345 3917 sospito
363 3848 391 3903 L
487 3848 625 3919 11in]ed
647 3848 673 3903 T
765 3847 799 3902 12
816 3847 962 3917 negligites
980 3846 1008 3901 B
1103 3846 1138 3903 lt
1154 3847 1202 3903 lir-

78 3930 157 3985 mates
173 3933 201 3987 Β
289 3932 522 3989 14d0mistioie13
610 3936 643 3989 16
653 3933 780 3989 hebuerit
793 3933 827 3987 Τ·
912 3932 1045 3987 mentitus
1063 3930 1132 3989 ΙΝ*

78 4010 109 4063 18
120 4012 268 4073 inluserunt
279 4019 316 4086 Β,
334 4020 456 4074 luserunt
467 4017 596 4075 mro
688 4018 870 4089 morigeram
883 4018 919 4083 Β,
938 4034 1078 4089 erogatum
1094 4018 1132 4075 V¹

79 4128 109 4184 22
125 4124 313 4193 eureturnrte
330 4138 396 4194 nor
482 4140 517 4193 22
535 4139 711 4195 musanen
800 4140 835 4194 24
852 4111 925 4210 paui
940 4142 966 4196 2
1048 4139 1084 4195 ss
1101 4139 1201 4194 enee

79 4218 147 4358 ῦῒῗπι
157 4225 238 4362 (ἔξω
249 4238 271 4279 e.
284 4224 301 4279 l.
314 4241 348 4278 m.
361 4226 392 4291 2)
406 4222 437 4293 Τ,
462 4224 616 4280 districtum
628 4226 698 4281 LPb
798 4226 873 4281 obita
885 4241 919 4280 eor
929 4223 1019 4281 aedim
1032 4226 1101 4281 Tra
1113 4228 1134 4280 2

80 4316 137 4357 uoo
