2992 4967
407 352 522 421 Opusc.
540 350 595 409 111.
620 350 701 409 Vite
717 352 750 409 B.
767 349 948 421 Epipbeni.
1174 350 1239 419 359

106 542 236 625 siquid
264 543 367 612 miuus
394 540 506 625 lingue
531 558 647 623 puupsr
670 540 794 623 operui,
818 539 1002 610 ordientum
1023 541 1056 605 et
1076 539 1237 623 legentum

107 646 256 713 sensibus
278 643 471 727 derelinquo.

154 748 233 813 Post
253 748 369 815 multus
392 748 499 816 tumen
521 764 598 830 quus
621 748 701 830 opud
724 744 916 813 Odouucrem
937 762 1044 829 regem
1065 743 1238 831 logutiones

107 848 265 917 uiolentiu
300 848 535 932 supplicationis
569 850 672 932 exegit
706 847 908 932 dispositione
937 848 1082 915 coelestis
1114 847 1238 931 imperii

79 953 151 1017 sud
174 952 302 1019 lulum
325 952 529 1021 Theodericus
558 970 612 1017 rer
640 970 711 1017 cum
739 952 882 1017 inmenso
909 952 1026 1017 roboris
1055 952 1105 1018 sui
1125 950 1239 1017 multi·

106 1056 219 1121 tudine
241 1054 439 1131 commonuit,
461 1056 501 1121 sd
523 1074 616 1137 quem
640 1056 688 1120 uir
709 1054 947 1137 integerrimus,
970 1054 1046 1117 dum
1068 1053 1238 1120 Mediolani

108 1158 178 1223 ium
207 1158 328 1240 positus
351 1161 447 1237 esset,
479 1159 622 1225 excurrit.
657 1176 750 1239 quem
773 1174 845 1221 curu
867 1156 922 1222 ills
943 1174 1054 1241 rogum
1075 1159 1238 1239 praesun-

108 1258 255 1325 tissimus
282 1258 384 1327 cordis
413 1258 510 1325 oculis
538 1259 725 1341 inspexisset
747 1260 781 1323 et
802 1258 897 1324 solitu
923 1258 1034 1325 iudicii
1061 1257 1109 1326 sui
1132 1276 1238 1327 socer·

109 1362 216 1429 dotem
237 1366 380 1427 nostrum
402 1362 485 1427 libro
504 1368 663 1446 penetret,
695 1360 820 1427 inuenit
840 1363 874 1427 in
896 1379 933 1427 eo
955 1362 1075 1444 pondus
1096 1362 1237 1427 omnium

66 1468 252 1531 nocometure
279 1463 450 1543 uirtutum,
485 1466 572 1529 cuius
599 1464 815 1549 integritatem
842 1462 932 1529 uelut
958 1464 1122 1531 fabrilibus
1143 1464 1237 1530 lineis

109 1568 152 1633 sd
174 1567 427 1651 perpendiculum
448 1568 565 1633 mentis
588 1585 732 1634 emensus
756 1570 820 1647 est,
842 1568 958 1651 quique
979 1567 1039 1633 teli
1059 1569 1141 1649 opud
1163 1583 1237 1632 suos

110 1671 151 1737 ds
179 1672 234 1737 illo
266 1688 407 1739 sermone
428 1689 503 1737 usus
532 1672 593 1737 est:
631 1671 718 1739 “ccce
738 1670 913 1752 bominem,
948 1669 999 1737 cui
1022 1670 1106 1736 totus
1128 1667 1239 1737 Oriens

109 1774 248 1840 similem
270 1792 331 1841 uon
353 1774 456 1853 hebet,
479 1793 571 1857 quem
587 1774 702 1853 uidisse
716 1775 896 1857 proemium
911 1777 968 1853 est,
986 1792 1057 1839 cum
1072 1791 1132 1856 quo
1146 1772 1237 1839 bubi-

109 1882 180 1943 turo
212 1879 371 1943 securitas.
409 1876 580 1945 fortissimo
613 1894 702 1945 muro
735 1878 910 1946 dionensis
943 1877 1055 1943 ciuitas
1088 1877 1237 1945 incolumi

71 1980 174 2045 misto
197 1979 344 2059 undatur,
367 1999 442 2062 quos
457 1980 687 2065 inpugnnntum
709 1981 798 2047 nulle
819 1980 868 2047 uis
882 1981 982 2065 possit
997 1980 1136 2058 obruere,
1159 1998 1237 2063 quos

110 2101 307 2166 nequaquem
329 2083 466 2149 Buleoris
490 2084 603 2151 fundsc
625 2085 828 2151 trunsoeudut
856 2102 1012 2153 excursus.
1049 2086 1076 2149 si
1098 2102 1159 2168 qus
1180 2102 1236 2147 ns·

110 2186 241 2251 cessitus
268 2186 350 2251 inter
379 2185 479 2253 nudos
507 2189 713 2253 certaminum
743 2188 928 2268 udoesserit
956 2188 1061 2252 tutum
1084 2190 1133 2251 est
1153 2184 1236 2268 opud

108 2290 210 2355 istum
242 2293 376 2355 matrem
409 2288 608 2373 familiasque
630 2291 783 2373 deponere
804 2294 836 2356 et
857 2290 1034 2375 expeditum
1057 2287 1236 2355 excursibus

109 2392 247 2457 militene
270 2392 452 2459 bellorum''.

71 2510 100 2553 oo
153 2494 278 2562 Interes
309 2494 487 2579 perduelles
520 2496 640 2561 unimos
674 2494 814 2563 dediticii
844 2497 996 2563 exercitus
1024 2494 1237 2563 mutationum

109 2599 249 2665 incendit
269 2598 411 2678 ambitio,
434 2615 564 2681 quorum
580 2603 676 2681 cuput
691 2598 771 2664 Tuis
786 2599 857 2679 init,
879 2598 972 2665 homo
987 2600 1020 2663 in
1034 2598 1237 2683 perfugarum

109 2700 241 2767 iniumio
273 2702 386 2769 notitia
418 2700 518 2767 ueteri
549 2700 705 2787 pollutus:
738 2700 793 2784 qui
822 2701 964 2783 concepit
991 2704 1112 2778 mente,
1146 2704 1183 2765 ut
1203 2718 1236 2765 se

109 2802 285 2888 desperetis
311 2805 453 2889 portibus
482 2824 554 2873 cum
584 2803 706 2891 ingenti
733 2803 937 2870 multitudine
966 2804 1117 2871 redderet.
1155 2804 1236 2884 quod

109 2925 183 2973 cnm
205 2906 411 2975 Theodericus
433 2928 486 2975 rer
507 2907 670 2993 principali
693 2906 904 2975 sollicitudine
927 2907 1136 2991 cognouisse,
1162 2923 1236 2973 con·

72 3007 199 3075 sumno
220 3027 343 3075 omnem
365 3010 462 3091 illum,
485 3030 578 3093 quum
601 3015 685 3079 totus
701 3010 811 3079 Oriens
833 3012 886 3077 uir
899 3010 1060 3092 sustinuit,
1083 3010 1237 3077 conuexit

162 3246 176 3299 1
204 3244 372 3301 sudbntium
397 3248 427 3301 et
452 3246 600 3317 logentium
630 3246 703 3303 Tot
719 3248 802 3303 Sim.
905 3248 1119 3304 btbeodoricus
1145 3248 1172 3304 Τ

108 3329 313 3387 multitudinem
330 3331 359 3387 B
455 3332 470 3387 7
488 3333 605 3391 occurrit
622 3333 694 3391 Bou.
789 3336 1021 3405 prestsotiooimus
1038 3333 1067 3389 B
1158 3334 1235 3390 8iu·

109 3424 237 3537 sento
254 3450 283 3506 o
384 3452 510 3509 subn
530 3454 571 3508 13¹
672 3468 734 3510 enm
751 3455 781 3508 n
884 3456 918 3511 ro
939 3456 1020 3511 nuuc
1036 3455 1064 3510 n
1167 3454 1236 3508 ino

107 3554 137 3609 Β
240 3558 270 3612 11
290 3556 400 3626 quique]
415 3558 463 3626 qni
482 3556 575 3625 Siros,
601 3558 649 3627 qul
665 3572 772 3627 qnoque
788 3558 854 3625 fort.
958 3560 992 3614 13
1007 3558 1123 3613 uidisset
1139 3557 1168 3612 L

107 3676 239 3745 premium
252 3674 280 3731 B
370 3677 409 3732 ·14
420 3644 544 3734 “emensis
555 3678 584 3733 B
680 3676 806 3733 incolomi
816 3679 872 3733 isto
883 3676 947 3748 LV,
968 3644 1128 3765 molumss
1139 3675 1168 3731 B

109 3799 143 3853 lb
165 3796 241 3866 quoe]
261 3799 328 3868 uin
344 3814 399 3853 roe.
427 3796 453 3850 T
467 3815 537 3857 corr.
641 3802 846 3869 oppugnentum
865 3799 992 3855 Sctottue
1107 3799 1141 3853 16
1157 3801 1232 3853 trem

107 3883 236 3937 resudant
253 3882 280 3938 b
298 3888 324 3939 ec
342 3884 423 3940 utrm.
528 3886 562 3941 18
584 3884 702 3941 seruilius
723 3884 822 3953 Sim·
848 3887 946 3940 metros
963 3884 1082 3939 turullius
1098 3884 1167 3951 sort.

107 3968 408 4025 suessionicum
502 3970 719 4027 dbdsdititiid’
814 3968 1165 4025 uuinlrmiol'ocssolu

107 4054 205 4124 mente]
224 4054 329 4123 ingenti
346 4054 411 4111 odd.
430 4055 459 4111 B
560 4056 595 4112 23
612 4074 640 4113 se
657 4056 802 4126 disperatis
819 4056 860 4122 B,
887 4056 961 4111 sedes
978 4072 1025 4126 per
1041 4058 1096 4112 stis
1114 4056 1136 4123 (i
1153 4058 1235 4119 socr.)

113 4138 139 4197 V
220 4139 343 4210 pertibus
355 4144 414 4211 (per
426 4145 507 4209 corr.)
529 4142 555 4197 V
639 4142 744 4213 ingenti
762 4159 812 4199 occ
831 4143 858 4198 B
949 4141 985 4196 ni
1000 4141 1064 4196 dum
1082 4140 1164 4198 Sim.

106 4258 321 4316 theodoricusT
420 4260 454 4317 25
472 4232 550 4349 illurn
568 4263 595 4318 B
696 4264 840 4317 cumtrurit
860 4262 895 4319 Τ·
