2992 4967
289 354 353 423 364
646 352 763 423 Magni
779 352 905 410 Felicia
921 350 1058 426 Euuodi

289 544 360 611 tuos
381 542 464 611 nuda
491 542 710 611 aestimatione
737 541 906 627 pensabatz
931 541 1118 611 solaciorum
1146 545 1274 609 tuorum
1296 540 1423 627 pondus

290 646 392 713 omnis
415 647 554 715 bollandi
575 646 743 732 apparatus
766 647 918 713 sustinere
938 661 1002 712 non
1016 646 1127 713 ualuit
1163 647 1310 728 quotiens
1331 645 1426 711 utili·

288 750 407 817 tatibus
436 751 498 817 tuis
528 768 580 817 aer
607 748 672 833 ipse
694 747 852 828 seruierit,
884 749 912 814 si
934 766 1091 825 recenses,
1121 746 1183 815 tibi
1206 747 1287 815 caeli
1309 766 1426 815 serem

288 852 480 933 militarunt,
518 852 578 919 tibi
614 868 750 919 acnuam
785 850 909 933 pluuias
946 869 1002 933 pro
1035 850 1108 917 uoto
1146 849 1308 917 fuderunt.
1351 850 1424 935 quis

288 954 432 1023 resistere
467 955 609 1023 dexterae
642 960 715 1021 tuae
749 972 843 1022 ausus
875 953 936 1021 fuit
969 952 1003 1019 st
1035 972 1107 1020 cum
1140 954 1245 1039 gratia
1281 972 1455 1039 supernas

288 1059 463 1143 pugnanti?
486 1056 627 1141 quotiens
651 1056 771 1123 inimici
786 1055 834 1122 tui
849 1054 1027 1123 cecideruut
1041 1055 1244 1123 mucronibus
1259 1056 1425 1123 sodalium

288 1164 439 1227 suorum?
465 1161 607 1243 quotiens
628 1158 689 1227 tibi
710 1158 791 1227 uicit
811 1159 866 1242 qui
886 1177 942 1241 pro
964 1158 1102 1225 bostium
1126 1161 1253 1227 tuorum
1275 1159 1424 1225 utilihta

288 1264 452 1331 certabat?
487 1262 535 1329 his
563 1280 636 1346 erpo
664 1260 753 1329 donis
783 1263 969 1329 caelestibus
1002 1260 1252 1329 uicissitudinem
1285 1261 1423 1347 inpensa

288 1368 371 1435 eirca
392 1366 534 1433 homines
557 1364 674 1449 pietate
696 1366 836 1433 restituo
870 1365 1023 1452 mysticae
1044 1364 1215 1431 oblationis
1235 1364 1422 1433 holocausta

286 1474 360 1537 sunt
381 1470 613 1554 supplicantum
635 1467 784 1535 lacrimas
806 1486 868 1535 uon
888 1470 1003 1553 sperui
1040 1467 1121 1535 illud
1147 1468 1231 1533 certe
1252 1467 1449 1551 perpendas

288 1574 431 1656 qualibus
452 1574 487 1639 iu
508 1589 605 1658 regno
627 1572 829 1641 successeris:
853 1590 930 1655 quos
951 1575 994 1651 si,
1017 1575 1055 1637 ut
1076 1570 1195 1655 liquet,
1218 1570 1346 1639 malitia
1368 1591 1420 1638 ex·

286 1677 382 1761 pulit,
414 1694 503 1743 casus
525 1676 652 1743 illorum
673 1693 798 1743 necasse
819 1679 866 1743 est
889 1678 925 1740 ut
947 1676 1110 1759 mquentas
1129 1673 1287 1740 informet
1325 1672 1419 1740 ruina

288 1779 540 1865 praecedentium
562 1782 701 1863 posteros
722 1778 832 1847 docet:
865 1776 968 1844 caude
990 1782 1040 1843 est
1060 1796 1184 1861 semper
1204 1777 1240 1843 iu
1259 1776 1419 1860 reliquum

287 1885 394 1965 lapsus
422 1882 569 1949 mterior.
606 1901 667 1949 non
698 1882 767 1949 siue
795 1881 936 1966 exemplo
968 1881 1090 1949 militat
1118 1880 1173 1964 qui
1200 1879 1328 1965 respicit
1358 1897 1419 1965 qua

289 2002 381 2053 causa
402 1985 543 2051 decasor
565 1983 685 2051 eiectus
708 1987 767 2052 est.
800 1984 851 2051 luis
874 1983 957 2052 irata
973 1984 1105 2069 Liguria
1124 1984 1232 2051 umor
1252 1982 1445 2049 nobiscums

287 2086 415 2173 profusa
435 2086 606 2171 supplicat,
635 2089 673 2154 ut
693 2087 802 2173 legum
823 2091 1001 2156 acuatum
1022 2088 1176 2156 beneficia
1195 2088 1242 2154 sic
1263 2087 1418 2155 tribuatis

286 2188 519 2271 innocentibus,
553 2193 589 2257 ut
620 2192 726 2257 noxios
760 2190 942 2259 absoluatis.
981 2193 1092 2275 exigua
1124 2190 1174 2259 eat
1206 2190 1288 2274 apud
1322 2193 1417 2257 deum

286 2294 427 2361 rosim
449 2295 671 2375 misericordia,
694 2295 721 2361 si
737 2295 809 2363 iilos
832 2298 956 2365 tautum
978 2294 1075 2363 laesio
1096 2313 1159 2363 uon
1179 2298 1341 2379 sequatur,
1362 2294 1417 2379 qui

285 2399 375 2463 reatu
391 2400 512 2463 carent:
530 2398 636 2479 culpas
654 2397 813 2466 dimittere
827 2397 962 2465 caeleste
976 2400 1034 2480 est,
1050 2398 1208 2465 uindicare
1222 2397 1416 2465 terrennm’'.

286 2503 355 2583 post
377 2499 453 2570 baec
474 2498 572 2567 afluit.
1422 2518 1444 2558 a

327 2621 374 2687 At
405 2620 670 2689 eminentissimus
706 2641 761 2689 rex
797 2622 886 2702 iulit,
923 2640 985 2707 quo
1020 2620 1168 2706 loquente
1200 2620 1345 2687 adtonita
1375 2618 1415 2685 da

284 2723 448 2791 uoluntate
470 2726 535 2791 dus
557 2725 652 2792 corda
673 2742 770 2809 pauor
797 2724 937 2792 artabat:
973 2724 1134 2808 “quamuis
1155 2725 1201 2803 te,
1224 2722 1414 2791 uenerabilis

285 2829 442 2912 episcopa,
477 2846 531 2911 pre
564 2827 747 2894 meritorum
782 2829 909 2894 tuorum
943 2828 1013 2894 luce
1044 2827 1214 2912 suspiciam
1245 2830 1279 2893 et
1312 2826 1413 2894 multa

286 2929 369 3013 apud
389 2948 441 2995 me
462 2929 648 2997 confuderis
672 2934 813 3015 tempore
834 2932 1024 3015 reposuisses
1039 2929 1196 3015 beneficia,
1218 2928 1336 3015 quibus
1352 2929 1412 2997 trun·

287 3035 320 3097 te
342 3034 487 3098 conuenit
509 3031 740 3117 tranquillitate
762 3038 917 3115 reuocata,
939 3035 1090 3119 regnandi
1111 3038 1219 3100 mmcd
1243 3033 1440 3101 necessitass

286 3154 347 3218 qua
371 3135 585 3203 concludimur
607 3136 842 3203 misericordiae
863 3157 958 3222 quam
972 3137 1082 3205 suades
1098 3156 1159 3204 uon
1173 3136 1289 3222 ubique
1303 3135 1411 3221 pandit

335 3366 439 3431 l'tuus
456 3376 484 3431 L
586 3376 823 3433 exercitationaT
922 3379 1082 3433 solatiorum
1103 3378 1169 3434 libai
1271 3376 1407 3448 aquatica

287 3461 376 3517 Tifer
386 3464 427 3519 aie
434 3467 532 3533 posteo
628 3462 800 3518 utilitatebua
817 3462 852 3519 V¹
948 3464 1168 3519 dmiiitauacunt
1180 3462 1208 3519 Β
1219 3468 1246 3519 ct
1258 3463 1341 3519 Βίπιι

284 3556 382 3639 conexa
403 3580 434 3649 V,
460 3584 496 3638 al.
513 3585 634 3638 coum
651 3583 716 3638 ada.
735 3582 871 3651 Βώοαιιι,
898 3598 1012 3638 connexa
1029 3584 1086 3653 poli
1102 3586 1181 3652 form
1204 3584 1252 3640 aad
1269 3584 1305 3651 cf.
1327 3584 1407 3641 Oios·

283 3696 825 3775 praeministratum
922 3705 1065 3762 erucas
1081 3706 1162 3763 asna
1261 3676 1406 3777 opugn'u

282 3790 310 3845 L
412 3788 721 3847 SuicessitudinemB
825 3792 993 3847 brestituae
1010 3792 1051 3859 B,
1077 3793 1220 3848 restituere
1238 3789 1341 3847 ΜΨ

282 3910 390 3980 mnaso,
412 3912 468 3969 nc
570 3912 605 3966 ιο
627 3912 833 3983 capparonum
857 3912 884 3967 r
984 3914 1019 3970 ιι
1040 3886 1109 3998 quoi
1125 3915 1153 3970 n
1255 3916 1289 3971 ae
1306 3928 1403 3984 pm

283 4012 392 4069 dentum
410 4014 493 4069 Sim.
586 4015 618 4069 14
635 4015 749 4071 interior
766 4016 805 4073 12¹
902 4016 935 4071 16
952 4016 1060 4087 profusa
1074 4032 1128 4073 esa.
1146 4017 1217 4072 Bou.
1312 4017 1343 4073 17
1359 4016 1402 4071 do·

282 4099 387 4155 minum
410 4098 438 4153 L
539 4100 572 4155 21
596 4100 629 4155 ad
652 4103 680 4158 Β
782 4103 1014 4160 emanentiesimus
1038 4101 1078 4160 Βι
1185 4102 1221 4156 22
1243 4102 1400 4157 ementitos

282 4180 323 4239 ΒΙ
426 4184 460 4241 23
478 4184 597 4255 episcope
615 4186 674 4253 (cit.
692 4202 706 4241 s
722 4188 754 4242 ies
770 4189 837 4257 rae.)
855 4188 883 4243 Β
982 4187 1126 4259 suscipiam
1148 4186 1183 4243 V¹
1281 4188 1317 4243 24
1331 4203 1399 4257 rapo·

282 4270 375 4324 scissis
394 4268 422 4327 Β
523 4272 558 4327 26
575 4270 664 4326 suadis
681 4272 709 4327 Β
