2992 4967
274 366 338 433 462
634 362 750 430 blagni
767 360 895 415 Felicis
913 359 1046 415 Ennodi

272 554 390 620 litteris
407 553 546 634 soluerit,
566 552 636 634 plue
652 550 788 631 ditescit,
807 550 882 615 dum
897 570 953 635 per
974 551 1157 618 secretiores
1179 552 1303 617 meatus
1320 550 1402 634 quusi

271 672 487 742 permagnos
517 654 622 720 alueos
652 672 732 737 quae
763 652 898 719 adillas
927 653 1046 719 directa
1072 656 1149 720 suut
1175 654 1295 720 fluenta
1321 654 1402 719 redu·

275 763 400 839 cuntur,
425 776 482 823 nec
504 758 586 840 quod
608 776 665 840 per
687 758 797 841 guttae
812 756 964 833 emiseris,
987 776 1051 824 nou
1069 756 1163 823 aliter
1178 776 1272 841 quam
1287 756 1317 823 si
1331 758 1404 822 rela-

272 863 379 929 beutle
408 860 489 927 Ionii
520 864 568 927 iue
598 860 729 941 habeas,
761 860 943 945 possidebis.
980 862 1050 946 quie
1078 860 1209 945 peritiae
1235 860 1404 944 depositum

274 966 381 1049 neget,
400 964 461 1030 nisi
484 966 538 1047 qui
562 964 718 1033 desiderat
740 965 902 1031 mendicus
923 964 1118 1043 effici,'dunr
1134 965 1298 1030 reseruati
1319 962 1431 1028 istiuse

274 1069 320 1134 rei
343 1068 479 1146 dructue,
511 1068 593 1151 quod
620 1068 738 1133 mirum
765 1066 853 1132 dictu
874 1070 937 1151 est,
966 1066 1000 1132 in
1032 1066 1260 1133 abundantiam
1289 1065 1404 1132 resuere

275 1174 446 1253 exaestuat,
471 1171 546 1236 dum
569 1170 691 1236 ieiunos
713 1170 814 1236 iaciat
835 1168 1032 1237 incubantes.
1059 1189 1133 1255 ergo
1148 1172 1219 1256 post
1233 1188 1326 1255 opem
1342 1187 1405 1233 cac·

273 1276 396 1356 leetem,
420 1277 491 1358 poet
514 1274 641 1356 superni
663 1273 782 1339 fauoris
804 1273 968 1352 auxilium,
994 1273 1143 1339 ministra
1164 1276 1277 1357 quibus
1301 1270 1404 1338 utum.

274 1398 326 1445 ars
341 1376 527 1457 ueneranda,
546 1378 729 1461 praeconiis,
746 1381 779 1442 et
793 1376 985 1442 inuentionis
1000 1378 1076 1441 tuac
1091 1377 1171 1441 bono
1194 1377 1232 1441 de
1247 1376 1309 1455 his,
1333 1394 1405 1459 quae

276 1485 349 1547 ate
372 1482 491 1547 fuerint
514 1482 650 1559 directa,
679 1478 849 1565 gratulare.
888 1498 907 1545 a
930 1483 961 1543 te
984 1481 1054 1544 orta
1075 1480 1109 1543 in
1135 1497 1195 1543 usu
1215 1478 1322 1544 laudis
1344 1496 1431 1542 um-rc

275 1585 428 1667 plectere:
453 1605 510 1653 nos
533 1584 613 1650 nihil
630 1586 737 1650 menet
760 1586 792 1649 in
808 1585 868 1648 hac
882 1587 972 1667 parte
988 1582 1071 1667 quod
1087 1582 1219 1668 dignum
1234 1583 1278 1647 eit
1292 1582 1403 1647 ultione

275 1690 327 1754 uel
349 1689 498 1772 praemio.
521 1688 609 1755 fideli
632 1688 695 1753 orie
716 1687 819 1753 nostri
842 1687 999 1752 famulatu
1015 1686 1168 1774 siparum
1187 1686 1404 1752 ineleuatioue

275 1793 459 1859 meritorum
475 1795 603 1858 tuorum
618 1791 828 1877 suggerimus,
846 1790 904 1856 hoc
918 1791 1044 1856 dedisti.
1074 1810 1129 1856 noe
1143 1792 1254 1857 horum
1270 1790 1405 1857 amnium

276 1897 402 1963 fistulae
425 1915 532 1963 sumus
555 1896 801 1979 necquicquam
824 1897 861 1960 de
884 1894 980 1979 copiis
1008 1894 1167 1960 summissi
1191 1893 1325 1977 liquoris
1346 1890 1405 1956 sbi·

277 2001 390 2066 bimus.
414 2003 450 2064 lu
473 2000 509 2063 ut
531 2019 587 2083 ρετ
609 2017 663 2063 uos
687 1998 810 2063 meritis
832 1998 896 2062 tuis
919 1997 1113 2075 satisfacias,
1136 1998 1226 2080 quasi
1248 1996 1430 2080 Aegaeonis

276 2104 415 2187 pelagus,
439 2104 475 2168 ut
490 2103 645 2185 Pegaseue
667 2120 782 2186 gurges
798 2100 946 2167 inlabere.
969 2104 1042 2165 aute
1057 2100 1164 2167 oculos
1181 2103 1305 2167 uestros
1327 2100 1403 2171 eunt,

278 2223 402 2269 morum
425 2207 602 2271 uestrorum
624 2206 650 2269 ei
677 2204 756 2268 bene
771 2204 913 2286 exempla
927 2202 1083 2269 retinetis.
1106 2205 1214 2268 saluae
1228 2205 1306 2269 eunt
1319 2218 1404 2285 quae·

278 2326 410 2391 eumque
433 2310 471 2374 de
494 2328 590 2374 ceusu
611 2311 715 2373 uestro
739 2310 778 2372 ad
794 2324 922 2372 neuram
945 2325 1088 2392 gemmas
1104 2306 1319 2373 admonemus.
1342 2320 1403 2369 ecce

276 2411 428 2477 uerticem
456 2431 563 2477 meum
590 2430 755 2477 coruscans
785 2412 854 2476 luce
884 2412 992 2476 uestra
1022 2409 1166 2476 diadema
1199 2410 1349 2476 nobilitat
1377 2405 1403 2470 ct

278 2516 486 2597 pretiosorum
514 2516 655 2598 lapidum
689 2514 811 2597 fulgore
840 2514 960 2578 uariata
990 2514 1105 2579 crescit
1134 2532 1169 2578 ex
1195 2512 1302 2598 genic,
1337 2512 1427 2576 duma

277 2620 481 2699 conpetenter
504 2618 688 2685 ostenditur.
718 2615 848 2683 anobis
871 2616 1011 2682 radicem
1036 2622 1167 2682 sumunt
1188 2616 1339 2683 instituta
1358 2632 1402 2678 su·

277 2722 431 2805 pientiae,
464 2742 520 2807 per
552 2739 607 2786 uos
636 2719 806 2786 informata
835 2720 1047 2801 proferuntur.
1092 2721 1199 2786 nullus
1227 2722 1293 2787 sine
1322 2716 1402 2784 uobis

277 2826 395 2907 pectori
417 2842 508 2907 sapor
529 2828 577 2891 eet
592 2843 649 2890 uec
663 2824 793 2890 libertas
810 2822 948 2905 eloquio:
971 2842 1026 2889 uos
1042 2824 1171 2909 ingenui
1193 2823 1402 2890 testimonium

278 2930 451 3013 sanguinis,
474 2946 529 2994 uos
552 2929 687 2994 materia
709 2927 848 3011 pudoris,
871 2946 925 3009 ρετ
949 2946 1005 2993 uos
1029 2931 1109 3010 quod
1133 2928 1212 2993 bene
1234 2944 1286 2992 cor
1311 2927 1400 2992 dico·

277 3031 360 3095 uerit
383 3030 492 3115 lingua
514 3032 728 3114 proloquitur:
753 3031 792 3096 ad
815 3030 1069 3113 inuestigandam
1091 3032 1153 3096 iter
1178 3031 1334 3097 iustitiam
1354 3040 1427 3092 urea⁶

274 3132 450 3216 praebetis,
484 3133 560 3199 dum
591 3151 790 3218 oppressum·
804 3134 940 3199 dumetis
969 3135 1099 3212 callem,
1134 3153 1194 3217 quo
1223 3132 1400 3217 expetuntur

280 3253 424 3321 eupema,
440 3237 599 3321 purgatis:
623 3256 678 3303 uos
694 3238 853 3301 triticeam
867 3236 906 3301 de
921 3236 1006 3301 loliis
1022 3238 1173 3320 segetem,
1192 3254 1249 3301 uos
1262 3235 1400 3301 fecundas

330 3527 473 3582 lditeecit
490 3528 513 3593 b,
540 3528 655 3582 ditescet
673 3528 763 3590 ΜΨ,
791 3527 903 3581 ditieoet
919 3525 947 3580 Β
1041 3526 1130 3580 3nou
1149 3525 1199 3589 Bo,
1226 3538 1277 3579 om.
1295 3519 1399 3578 aare

278 3620 358 3677 &rra
447 3621 592 3689 buegitB
677 3621 836 3709 6dictusB
913 3620 1125 3674 habundantiam
1136 3620 1194 3673 BT
1278 3617 1399 3673 'liumus

279 3724 307 3777 B
409 3724 500 3795 liare]
525 3740 568 3777 ase
586 3724 613 3779 B
632 3730 664 3779 eet
682 3724 795 3781 uidetur
897 3723 967 3777 bona
989 3722 1024 3777 V¹
1130 3722 1160 3775 ll
1184 3720 1244 3791 hac]
1263 3718 1340 3775 ac'B

280 3805 312 3875 la
331 3818 444 3874 uerrere
463 3820 490 3875 Β
593 3819 779 3891 monerer
881 3820 914 3875 τε
931 3816 1044 3875 rsonae
1058 3811 1102 3871 ‘m
1206 3814 1340 3886 cuprea

280 3906 371 3989 licorie
390 3892 439 3991 Β,’
452 3907 570 3975 loquoris
591 3908 627 3962 Ρ
729 3905 867 3961 ebebimus
885 3906 912 3959 B
999 3904 1052 3990 115
1069 3900 1182 3975 aegeum
1200 3898 1291 3971 BEV,
1317 3909 1397 3971 egnum

283 4010 308 4064 T
406 4010 439 4065 16
456 4026 580 4079 pesaseus
598 4010 625 4063 Β
720 4008 815 4079 gurgis
831 4010 860 4063 Β
947 4008 1059 4064 elabere
1077 4006 1104 4063 Τ
1202 4006 1234 4063 17
1251 3990 1331 4061 uteru
1345 4000 1397 4063 Μ’,

279 4104 431 4162 nestrorum
457 4104 534 4160 BVb
645 4105 677 4159 19
704 4104 866 4161 choruscans
895 4104 920 4155 Τ
1025 4103 1059 4158 21
1087 4106 1217 4159 euumuut
1243 4102 1283 4158 Βι
1297 4105 1340 4156 -at
1361 4093 1397 4149 «θ’

280 4208 361 4263 ὀούαν
464 4206 499 4262 24
515 4224 560 4263 cor
576 4208 644 4264 bene
663 4208 750 4264 ΜΨ
849 4209 883 4263 26
906 4220 1080 4277 oppraessnm
1103 4204 1146 4275 B,
1173 4192 1270 4277 oppssu
1288 4210 1316 4271 (u
1332 4216 1361 4258 ca
1374 4197 1396 4262 θ)

286 4302 314 4357 L
401 4303 497 4358 callem
515 4304 634 4358 dumetis
652 4303 747 4359 ΜΨ
852 4302 886 4355 27
903 4300 1028 4357 feooudas
1050 4302 1085 4356 Τι
