2992 4967
552 316 670 375 Dictio
690 319 764 376 m.
1157 319 1222 388 485

89 513 191 580 bilem
220 511 323 578 lilium
351 511 386 576 et
412 511 588 595 proximum
616 511 804 594 sepulturae.
838 527 968 594 quaeso,
995 509 1127 595 iudices,
1149 527 1220 591 pro-

89 619 238 682 nuntiate
271 615 346 698 quid
378 613 517 680 debeam.
554 614 680 680 interim
711 612 832 679 clarum
861 616 909 678 eet
939 617 1044 678 meet
1067 613 1220 682 cineribus

89 720 203 787 uitiosi
238 719 336 784 fuisse
371 719 588 802 postpositum
636 736 698 784 nou
731 717 885 784 erubescit
917 721 1081 801 quicquam
1114 719 1154 784 ab
1186 736 1222 784 eo

89 825 280 890 auctoritate
299 822 440 907 parentis
462 823 601 904 exigere,
624 821 658 888 iu
679 839 740 905 quo
763 841 829 890 esse
851 822 954 888 noluit
974 822 1056 906 quod
1078 826 1219 889 uocatur.

56 927 217 993 euticam
238 925 317 992 mihi
332 926 373 991 ad
387 927 443 991 hos
464 943 540 992 usus
562 925 770 991 ualitudinem
791 925 965 1008 piratarum
988 927 1101 992 catena
1119 943 1221 992 reser-

87 1032 216 1096 uassetl
248 1031 384 1096 lacerem
413 1028 606 1114 praebitione
633 1027 767 1095 indebiti
794 1027 937 1096 alimenti
964 1031 1087 1114 patrem
1116 1049 1222 1096 meum

86 1135 209 1216 pudore
230 1133 403 1215 captiuum,
425 1133 463 1197 ut
484 1132 620 1198 iniustus
641 1130 761 1198 arbiter
782 1131 821 1198 de
842 1131 983 1216 propriae
1005 1135 1145 1216 gemeret
1159 1131 1222 1195 ini-

88 1237 215 1319 quitate
229 1235 414 1302 sententiae.
437 1235 523 1302 cibus
538 1235 632 1314 euim,
657 1235 711 1317 qui
725 1237 765 1302 ab
787 1235 843 1302 illo
865 1237 1051 1320 praestatur,
1075 1235 1125 1300 cui
1140 1235 1221 1304 nibil

86 1340 166 1406 boni
194 1338 390 1426 mer<u)eris,
413 1338 571 1405 exhaurit:
593 1338 699 1404 ieiuna
723 1339 800 1404 sunt
824 1339 991 1406 saturitate
1012 1358 1068 1405 sua
1088 1339 1220 1417 uiscera,

41 1471 78 1512 ιο
87 1463 171 1530 quae
199 1461 261 1509 non
291 1443 406 1510 habeut
434 1441 656 1508 conscientiam
683 1441 825 1508 beneficii
852 1445 925 1508 autc
954 1443 1080 1510 conlati.
1116 1441 1221 1508 nescio

88 1548 167 1632 quid
189 1546 227 1615 de
249 1548 367 1614 duobus
388 1545 464 1611 filiis
486 1545 579 1613 homo
601 1546 656 1612 ille
677 1547 742 1629 spei
764 1564 837 1612 suae
863 1545 1021 1612 residuum
1044 1551 1143 1629 putet,
1166 1546 1220 1629 qui

88 1670 190 1717 unum
211 1654 312 1718 terrae
332 1647 477 1734 reddidit,
499 1649 636 1716 alterum
658 1667 768 1733 passus
783 1650 831 1716 est
846 1651 878 1715 in
893 1654 1044 1733 perpetua
1059 1652 1220 1735 raptorum

88 1755 302 1821 dominatione
331 1752 461 1819 seruari.
494 1753 643 1835 accipiat,
671 1753 732 1818 nisi
756 1751 974 1833 confunditur,
998 1755 1145 1837 quicquid
1167 1773 1219 1820 ex·

87 1859 204 1924 hausta
231 1856 391 1941 suppliciis
419 1854 562 1922 membra
589 1857 759 1923 demerent.
793 1875 854 1924 nou
883 1859 956 1924 noui
986 1859 1059 1941 quid
1088 1876 1221 1925 senene

44 1987 77 2028 rs
88 1961 252 2029 debihtato
268 1961 404 2045 flagitet:
428 1959 564 2040 interim,
580 1961 664 2043 quod
678 1960 818 2040 aduerte,
834 1978 943 2027 sumus
958 1960 1049 2026 ambo
1064 1963 1219 2044 pascendi.

88 2068 164 2149 quid
192 2065 271 2131 mihi
303 2063 458 2131 rationem
492 2061 631 2130 modicae
663 2063 824 2130 facultatis
853 2064 981 2131 adducis
1002 2065 1037 2130 iu
1058 2066 1221 2134 medicum?

88 2173 144 2253 qui
166 2187 265 2235 unum
287 2168 439 2234 redimere
462 2165 575 2246 uoluit,
597 2166 643 2232 sic
664 2168 876 2233 substantiam
898 2187 989 2234 suam
1004 2169 1157 2250 uendidit,
1181 2188 1220 2235 nc

87 2271 227 2356 pretium
249 2290 303 2355 pro
326 2275 457 2353 utroque
480 2269 648 2335 sufficeret.
684 2269 755 2354 quis
777 2271 991 2338 infelicitatem
1012 2290 1126 2352 meam,
1150 2273 1220 2357 quis

86 2375 232 2442 mmeriae
264 2375 362 2460 possit
396 2376 569 2457 exponere?
606 2374 655 2439 cui
688 2377 761 2456 post
793 2373 908 2440 Cilicas
943 2380 975 2440 et
1007 2375 1094 2458 ipsa,
1127 2393 1220 2459 quem

46 2481 277 2562 ecresumpsit,
310 2497 374 2546 cese
407 2476 507 2542 fertum
539 2475 667 2543 libertas
700 2477 855 2545 obnoxia?
892 2477 986 2544 dicite
1020 2496 1220 2561 quaesumus,

88 2583 227 2661 iudices,
256 2581 284 2647 si
306 2583 338 2647 et
359 2581 393 2646 in
416 2581 518 2663 patria
539 2596 609 2645 mea
640 2580 798 2645 debitores
827 2579 1115 2663 pronuntiabimur,
1145 2581 1219 2665 quid

89 2688 201 2752 euasi?
223 2685 344 2752 addidit
366 2687 487 2750 creator
509 2683 727 2749 amatissimus
742 2684 846 2749 dolere
862 2702 923 2762 mc,
944 2685 1026 2766 quod
1041 2684 1220 2750 omisissent

87 2789 199 2855 uincla
226 2806 422 2874 germanum.
455 2789 544 2870 quasi
571 2804 646 2853 uero
674 2788 800 2855 tantum
823 2808 843 2855 a
864 2787 953 2854 uobis
982 2789 1087 2872 exigat
1106 2792 1221 2853 natura

88 2891 268 2971 seruitium,
291 2894 330 2957 ut
352 2895 523 2974 conpenset
545 2891 644 2974 erepti
666 2890 773 2956 fratris
795 2888 950 2970 hilaritas,
974 2891 1056 2974 quod
1073 2893 1218 2956 remansi.

49 3012 229 3062 mambrem
252 2996 401 3061 debemus
423 2997 525 3060 caruis
547 2993 639 3060 sociis
661 2993 810 3060 absoluti.
838 2995 956 3061 credite
978 2994 1094 3062 dicenti
1117 2995 1219 3060 maui-

87 3097 188 3164 lesta:
204 3151 209 3157 .
227 3098 373 3164 nesciunt
404 3097 520 3163 intrare
553 3098 592 3163 de
625 3097 724 3164 altero
758 3097 875 3182 gaudia
906 3097 1066 3165 hominem
1099 3118 1154 3184 pro
1187 3117 1220 3166 se

87 3200 264 3266 timentem.
287 3199 369 3266 illud
384 3201 469 3266 euim
482 3198 643 3283 inprobati
659 3217 744 3266 more
760 3201 875 3267 clamat
891 3203 1051 3282 cuminis,
1074 3203 1219 3269 ditiorem

87 3321 157 3368 esse
187 3304 414 3386 quodammodo
436 3322 456 3368 c
477 3321 538 3386 quo
564 3302 684 3384 aliquid
712 3303 860 3385 poscitur.
894 3304 992 3370 talem
1018 3306 1165 3371 technam
1185 3307 1219 3370 iu

87 3404 368 3490 supplicationibus
396 3405 504 3471 fucata
531 3406 638 3470 seruat
663 3406 842 3484 urbanitas,
871 3406 909 3471 ut
929 3410 1038 3474 utatur
1059 3407 1219 3490 conposita

141 3614 155 3666 l
174 3627 255 3680 queso
274 3613 301 3666 Β
398 3611 416 3666 3
435 3613 523 3682 potest
538 3611 657 3681 positum
675 3609 703 3663 Β
807 3611 953 3682 quidquam
971 3612 999 3667 Β
1102 3610 1218 3666 tresor-

87 3698 162 3751 uasit
178 3697 207 3752 Β
302 3695 423 3752 discere
440 3697 468 3752 L
570 3697 587 3750 ’1
605 3695 705 3766 proprii
722 3695 750 3750 L
847 3697 865 3752 9
882 3699 1010 3754 merueris
1027 3699 1137 3768 scs-ipsi,
1164 3713 1219 3752 me-

87 3785 154 3838 reris
172 3783 239 3838 labri
342 3785 450 3838 enauret
471 3783 500 3837 Β
604 3782 637 3836 ld
653 3781 787 3852 quidquid
805 3785 915 3839 exausta
931 3784 971 3849 Β·
1076 3785 1109 3840 14
1132 3784 1219 3839 deme·

87 3890 150 3943 rent
161 3889 212 3955 (ors
223 3887 407 3943 demeruerint
421 3887 446 3956 l)
464 3889 571 3957 scripsi,
598 3894 738 3956 gemerent
755 3889 816 3956 Bo,
843 3889 978 3957 geuuerint
994 3887 1057 3953 LV,
1085 3861 1219 3958 gumeriut

90 3976 310 4044 ligemuerunt
326 3973 409 4030 Sim
509 3974 542 4030 lb
558 3975 661 4031 interea
678 3975 763 4030 ΜΨ
856 3973 948 4044 1111,Ι
1044 3976 1077 4030 17
1095 3973 1218 4044 quidum

86 4077 152 4144 foc
249 4076 283 4132 rs
299 4075 430 4132 meuse
448 4077 487 4131 Β·
584 4079 617 4133 re
633 4044 760 4133 miserus
777 4077 813 4142 s,
840 4077 961 4133 mesas
979 4093 1052 4133 mess
1069 4079 1154 4136 cnr

86 4164 135 4233 qui
153 4161 237 4219 ΜΨ
335 4163 431 4233 orligas
451 4162 479 4216 B
581 4163 617 4218 20
640 4164 785 4251 resumpsit
801 4164 830 4220 Β
932 4179 1075 4235 quesumus
1094 4165 1155 4223 LV

87 4253 122 4320 '22
148 4264 243 4320 dolore
268 4265 335 4321 ΒΦ
445 4263 480 4319 23
504 4264 597 4336 nobis]
623 4267 722 4322 nobilia
752 4267 788 4322 Ρ
899 4267 935 4322 ab
961 4268 1082 4324 dabimus
1111 4271 1149 4324 ΒΙ

2 4416 4 4425 y
87 4353 122 4407 28
139 4355 250 4420 tegnam
269 4351 396 4418 mv,
424 4354 535 4421 tegnam
556 4353 590 4407 P
693 4352 727 4407 29
744 4351 842 4423 fugata
859 4353 887 4408 Β
