2992 4967
464 330 701 401 Epistularum
722 333 813 389 liber
830 332 911 390 vm.
1183 337 1247 404 203

124 519 239 585 delicta
261 520 417 587 tortorem.
452 522 642 605 scripturum
676 525 723 603 te,
758 523 963 589 morinisses
986 524 1155 607 adoptata
1175 544 1247 608 per-

123 624 244 701 uectus,
266 624 333 688 sine
344 623 545 689 ‘cuncbtione
560 624 745 705 promisisti:
763 626 916 707 quantum
930 628 1021 707 pater
1035 626 1109 691 tuns
1124 642 1247 709 semper

124 726 290 807 culparum
317 730 444 792 tuarum
476 726 624 809 uulgator
657 726 812 811 exposuit,
834 727 898 792 iam
920 746 938 792 a
960 730 993 792 te
1014 727 1103 811 pueri
1123 728 1245 811 paginis

123 827 217 893 uacni
239 830 460 893 commearunt.
496 830 601 905 timeo,
636 847 674 893 ne
706 831 769 894 ista
801 830 1000 896 taciturnitas
1035 831 1245 897 diuturnitate

102 930 321 997 sconualesoet
343 933 374 997 et
395 932 429 997 in
451 949 543 997 nsum
566 931 684 996 silentii
706 933 811 1015 turpis
834 934 951 998 crescat
972 934 1099 999 incuria.
1122 936 1245 999 domine

123 1034 179 1113 mi,
202 1035 305 1100 ιιιιιιιο
328 1052 399 1118 ergo
423 1036 455 1100 et
475 1036 619 1119 promissi
641 1038 673 1100 te
688 1053 858 1101 memorem
874 1034 985 1101 debera
1000 1056 1066 1101 esse
1088 1037 1244 1115 musonio,

124 1140 277 1220 quatenns
299 1138 381 1204 inter
403 1156 479 1205 cana
501 1156 628 1205 nemora
649 1138 815 1205 redimitus
838 1140 959 1205 hederis
981 1138 1129 1203 efferaris.

667 1326 704 1391 V.

439 1470 440 1475 ’
514 1462 651 1517 FAVSTO
669 1459 859 1516 ENNODIVS.

88 1604 115 1645 ιο
169 1583 308 1647 Directos
331 1598 349 1646 a
370 1584 477 1648 sancto
501 1586 639 1667 episcopo
662 1584 797 1649 artifices
817 1586 960 1666 prosequi
976 1583 1245 1650 commendatione

126 1704 186 1750 nou
208 1703 285 1767 opus
309 1686 364 1749 est.
388 1704 437 1750 res
460 1688 543 1751 enim
565 1686 634 1768 plus
657 1706 714 1752 suo
735 1686 891 1769 placitura
913 1687 1003 1771 genio
1026 1687 1062 1750 de
1084 1687 1247 1752 deuotione

124 1788 295 1854 laudatoris
318 1786 443 1853 abierat
463 1788 622 1855 iniuriam.
654 1790 777 1856 familia
799 1792 855 1869 est,
884 1807 977 1872 quam
1000 1807 1070 1855 cum
1093 1789 1247 1875 uideritis,

125 1908 186 1955 non
202 1891 327 1973 possitis
343 1892 498 1974 ambigere
515 1893 554 1958 ab
566 1893 696 1959 ecclesia
710 1892 900 1959 destinatam
915 1894 947 1957 et
963 1892 1077 1957 deeius
1094 1894 1248 1959 thesauris

125 2000 157 2059 et
187 1994 305 2077 gremio
333 1993 391 2058 sub
422 1996 480 2059 boc
508 1995 611 2061 studio
633 1998 839 2080 processisse,
863 1997 900 2061 ut
921 1996 1054 2061 tractata
1075 1994 1248 2062 liberaliter

88 2098 227 2179 apariat
249 2094 339 2161 uobis
363 2096 396 2160 in
418 2096 475 2161 illa
503 2098 640 2162 melioris
663 2098 780 2164 saeculi
802 2099 1044 2164 commutatione
1065 2098 1247 2164 mercedem.

124 2202 157 2264 in
181 2198 293 2283 quibus
314 2200 480 2280 mancipiis
502 2200 589 2265 iuxta
612 2200 881 2266 adnuntiationem
903 2200 1076 2265 beatissimi
1100 2202 1248 2267 Laurenti

124 2304 271 2386 martyris
294 2320 363 2384 opes
388 2320 454 2365 esse
478 2304 628 2367 maximas
651 2302 720 2385 quis
737 2301 888 2385 negabit?
909 2309 983 2368 sunt
1006 2303 1247 2387 enimseminae,

124 2422 204 2487 qnae
228 2405 371 2487 quemuis
394 2404 554 2469 exterioris
574 2404 708 2470 hominis
722 2403 844 2469 lumina
862 2404 1078 2488 perdidissent,
1095 2409 1180 2470 mont
1181 2404 1249 2469 ium

79 2507 289 2599 splendore
310 2508 493 2573 radiabunt:
464 2508 662 2591 tquicquid
686 2508 770 2573 enim
787 2509 969 2589 corporibus
991 2508 1029 2573 de
1044 2510 1248 2591 prosperita
1182 2508 1248 2571 tata

87 2609 317 2687 aosnbducitur,
340 2612 379 2677 ad
401 2612 525 2695 frugem
549 2612 661 2677 crescit
677 2611 864 2677 animarum.
887 2613 984 2677 nolite
1002 2612 1085 2676 male
1101 2612 1248 2693 accipere,

125 2714 207 2798 quod
232 2732 288 2778 nec
310 2714 414 2780 uidere
432 2715 580 2797 poterunt
602 2732 658 2779 nec
673 2713 773 2779 uideri
789 2715 896 2796 procul
912 2734 930 2779 a
945 2719 1011 2778 mat
997 2713 1110 2778 urtitat
1111 2732 1127 2777 e
1142 2714 1249 2778 uestra

124 2817 267 2882 inliciens
289 2816 396 2882 decore
419 2816 607 2881 formositas.
645 2822 697 2900 qui
719 2816 818 2881 uitem
842 2834 930 2881 suam
953 2816 1036 2881 sicut
1056 2833 1112 2880 uos
1135 2815 1168 2879 in
1190 2815 1248 2880 hoc

125 2919 323 2987 innocentiae
346 2920 426 2984 ealle
449 2920 608 3002 disposuit,
631 2922 658 2985 si
673 2921 753 2987 tales
767 2924 886 3002 pascet,
908 2920 940 2984 in
957 2918 1052 2984 caelis
1067 2922 1133 2983 este
1157 2918 1247 2983 crede

109 3022 217 3105 mibi,
240 3024 384 3105 quamuis
407 3022 495 3087 uobis
518 3023 632 3106 gaudia
653 3021 755 3105 pariat
777 3022 849 3087 insa
871 3021 911 3087 ad
932 3023 1024 3087 deum
1046 3022 1172 3088 ubertas
1190 3022 1249 3088 illa

89 3144 115 3188 ιι
125 3126 336 3201 lacrimarum,
359 3126 499 3191 contenti
521 3124 608 3189 eritis
631 3124 788 3207 possidere
817 3126 875 3190 sub
903 3124 1135 3190 continuatione
1157 3126 1248 3207 plan·

123 3232 243 3313 gentes.
266 3227 349 3292 inter
370 3228 433 3292 istc
448 3227 539 3305 bone,
563 3244 640 3311 quae
658 3228 815 3311 praefatus
830 3246 911 3313 sum,
933 3227 1009 3292 licet
1023 3244 1136 3309 magno
1157 3226 1247 3292 uobis

177 3450 380 3518 lacriptuil',
407 3448 599 3519 scripturarum
618 3449 644 3503 L
746 3447 945 3515 2promissiati
963 3446 991 3501 Β
1092 3449 1156 3499 tuus
1173 3450 1249 3514 pater

127 3536 152 3591 T
251 3536 394 3604 serposni
413 3536 440 3588 Β
541 3534 605 3631 iam]
624 3533 707 3587 etiam
725 3533 753 3587 Β
855 3533 1054 3587 boonualiscat
1071 3532 1098 3584 Β
1198 3536 1249 3585 ned

124 3643 155 3705 (⁵
177 3638 278 3694 deleuit
294 3637 416 3702 ΜΤ
515 3638 577 3691 om
599 3634 732 3703 T,.mibi
751 3634 834 3689 BLV
935 3632 1087 3703 egobino.
1190 3648 1249 3701 pro·

124 3725 186 3779 misi
210 3724 245 3778 T¹
347 3722 362 3776 l
382 3723 509 3792 quatinus
529 3720 611 3776 ΜΨ
710 3719 830 3773 nemoris
848 3718 875 3773 L

177 3826 208 3881 V.
239 3826 419 3889 11su01310,
438 3824 636 3881 suaLPT'Vb
734 3822 922 3892 13n0n11nr:
1018 3820 1184 3875 aecclesiaV

126 3912 260 3968 teusamis
278 3912 305 3966 Β
409 3913 441 3966 15
460 3911 541 3965 seculi
560 3910 587 3964 Β
690 3908 723 3963 16
742 3906 880 3976 inquibus
901 3906 928 3960 V
942 3908 1042 3975 iuras.
1146 3907 1249 3961 adnun-

125 4000 241 4053 tiatione
259 3996 287 4050 Β
303 3998 376 4052 tione
394 3998 426 4051 ιἰι
442 4012 494 4051 scs.
515 4012 569 4051 esse
586 3994 645 4052 cici.
747 3992 875 4047 laurentii
899 3990 982 4045 LTV
1081 3990 1114 4044 ll
1137 3992 1249 4061 negauit

126 4084 178 4149 Bb,
205 4082 322 4151 negabat
340 4083 368 4136 P
470 4082 502 4136 18
524 4080 626 4135 lumina
646 4086 672 4146 (a
687 4080 719 4133 in
736 4082 804 4145 ras.)
822 4076 851 4132 Β
952 4076 1134 4145 perdedissent
1153 4076 1181 4130 B

128 4170 159 4224 19
178 4167 310 4239 quidquid
328 4167 425 4223 mv
513 4167 548 4219 22
566 4166 615 4220 hac
633 4165 729 4220 LT¹V
818 4165 853 4219 24
869 4162 959 4232 pariat
971 4165 1011 4229 (at
1023 4163 1056 4215 ia
1068 4168 1135 4228 ras.)
1154 4162 1182 4216 Β

127 4254 187 4309 insa
205 4270 255 4309 orn.
275 4250 302 4306 Β
403 4253 438 4307 25
456 4252 602 4337 contempti
623 4252 648 4304 Τ
747 4251 906 4319 plangentes
923 4250 1010 4316 (entes
1027 4248 1134 4313 inrue.)
1154 4248 1182 4301 Β
