2992 4967
1123 403 1221 449 XXXV

99 574 280 657 monstrant,
303 572 357 638 sed
380 572 517 637 totorum
539 570 764 638 uocabulorum
787 570 929 635 foedatus
953 572 1024 650 1911,
1057 592 1136 656 qnae
1158 576 1220 639 iam

99 678 262 743 maximam
285 678 408 759 partem
430 675 559 741 ulterius
582 675 722 741 familiae
737 676 894 740 19919999
910 676 1012 741 codice
1036 678 1061 741 B
1083 676 1221 760 suppleri

98 784 231 864 possunt.
266 779 310 844 sic
339 780 445 843 omisit
467 780 496 857 3,
520 777 797 859 39991991199999,
828 777 858 857 3,
882 778 901 841 7
924 777 1029 843 notato
1054 780 1222 866 (namhoc

95 882 280 949 uocabulum
303 882 507 947 9199999119
529 898 645 958 eornm,
669 900 746 963 quae
763 880 907 962 deinceps
922 883 1120 962 enumerabo,
1144 902 1222 967 quae

95 986 134 1051 de
155 1004 279 1051 summa
301 986 413 1051 codicis
437 986 462 1049 B
485 986 665 1068 integritate
687 1003 760 1050 cum
780 984 896 1067 primas
918 986 1061 1068 plagulas
1080 1006 1222 1053 curarem

97 1088 190 1155 etiarn
203 1088 349 1155 dubitans
364 1108 425 1153 non
437 1090 548 1173 recepi,
563 1090 697 1173 genuina
713 1107 779 1152 esse
794 1106 928 1169 casuque
942 1088 975 1153 in
989 1089 1088 1154 altera
1103 1090 1223 1156 familia

96 1191 300 1271 intercidisse,
324 1192 386 1257 ianr
402 1194 486 1258 omni
509 1195 635 1276 pignore
651 1192 885 1274 contenderim),
901 1192 931 1273 4,
948 1193 968 1256 2
985 1192 1030 1269 io,
1052 1193 1082 1272 8,
1098 1194 1119 1257 2
1133 1211 1221 1270 osus,

99 1298 145 1375 13,
162 1296 205 1360 24
226 1315 300 1370 999,
327 1296 375 1373 14,
396 1296 432 1359 11
457 1294 551 1373 91919,
575 1294 662 1371 19,3
684 1297 729 1373 91,
754 1294 806 1372 23,
822 1295 861 1358 21
886 1292 973 1374 forte,
997 1296 1050 1375 24,
1069 1296 1109 1361 12
1131 1296 1222 1375 alter,

94 1399 341 1483 2416999191,
377 1398 428 1477 36,
456 1400 494 1463 19
517 1418 605 1481 erpo,
640 1398 692 1475 48,
717 1398 735 1461 7
760 1396 953 1475 constitutis,
986 1398 1038 1474 50,
1062 1399 1100 1463 21
1131 1400 1222 1480 qaod,

95 1502 146 1581 en,
172 1505 208 1567 11
234 1522 345 1585 9999,
380 1503 432 1577 eu,
460 1500 618 1583 149991,
653 1500 705 1583 oa,
730 1500 772 1564 1o
792 1503 881 1583 999,
914 1500 966 1579 94,
990 1501 1010 1564 r
1032 1502 1092 1585 mr,
1128 1503 1222 1580 991
1349 1527 1354 1535 ·

93 1606 297 1687 9919919919,
327 1605 377 1684 98,
405 1604 444 1669 16
466 1602 547 1667 mibi
569 1602 682 1681 695991,
709 1603 780 1685 120,
800 1603 841 1667 21
864 1604 1012 1684 famum,
1038 1605 1223 1684 1304991,

99 1708 167 1791 152,
195 1709 236 1773 12
258 1709 368 1783 911991,
406 1709 476 1785 156,
500 1708 542 1771 20
571 1710 623 1784 91,
660 1705 729 1784 176,
753 1707 773 1771 9
795 1727 834 1785 9,
868 1706 942 1783 219,
965 1708 995 1773 5.
1025 1707 1099 1785 221,
1122 1709 1160 1773 21
1186 1714 1224 1793 91,

94 1810 166 1891 219,
189 1812 233 1878 23
255 1832 292 1891 9,
327 1812 400 1890 222,
423 1812 444 1875 2
467 1811 613 1894 acceptis,
648 1810 721 1889 254,
745 1810 768 1875 5
788 1809 927 1893 effluens,
961 1811 1040 1891 302,
1063 1812 1106 1877 24
1127 1832 1223 1894 sperae,

96 1916 166 1997 318,
190 1916 234 1982 23
257 1914 303 1995 dc,
333 1912 406 1993 334,
430 1913 472 1980 25
493 1913 700 1993 potissimum,
734 1912 808 1993 340,
831 1912 973 1993 499199,
1004 1914 1078 1999 345,
1103 1917 1120 1980 7
1144 1936 1224 1998 cam,

96 2022 167 2099 369,
193 2020 233 2084 17
257 2022 324 2100 out,
346 2018 420 2092 386,
444 2016 547 2101 2691,
571 2016 644 2096 387,
670 2016 708 2082 18
726 2035 797 2103 999,
821 2017 1062 2097 3881211999,
1085 2018 1159 2097 400,
1183 2021 1225 2085 22

98 2122 272 2207 9961999νὶ,
306 2122 349 2187 23
370 2121 416 2201 ia,
449 2119 700 2203 4216919919,
733 2121 808 2197 431,
831 2122 852 2186 2
874 2140 946 2207 csse,
971 2122 1075 2201 6991,
1106 2123 1222 2203 432,7

96 2228 265 2309 foderum,
288 2224 360 2303 436,
387 2222 425 2288 19
447 2228 475 2287 91
497 2223 640 2304 apostoli,
668 2224 742 2303 456,
769 2224 988 2305 mitescentia,
1011 2226 1083 2304 462,
1106 2227 1127 2291 3
1149 2246 1224 2307 999,

95 2330 168 2410 490,
200 2331 244 2396 26
277 2332 320 2407 91,
354 2329 427 2408 493,
457 2328 476 2392 8
511 2346 592 2406 999,
625 2325 699 2405 497,
730 2328 770 2392 14
802 2347 882 2413 rem,
915 2330 989 2409 524,
1018 2330 1048 2395 9.
1083 2329 1156 2409 524,
1185 2330 1226 2396 12

94 2442 216 2519 omen,
242 2432 265 2501 0
288 2431 431 2515 14,102
453 2449 557 2515 repas,
581 2428 604 2495 0
627 2430 885 2509 Π119,11991;
910 2432 1030 2498 duobus
1053 2453 1125 2499 nero
1148 2434 1225 2500 locis

97 2542 176 2605 19199
210 2538 323 2615 lineas,
358 2535 430 2614 399,
454 2535 475 2600 6
503 2536 531 2597 et
563 2532 705 2615 99991199
733 2536 1012 2617 perepoieantiom
1044 2537 1133 2602 naulo
1155 2536 1227 2603 tole·

94 2662 201 2708 999999
235 2658 338 2719 unam,
362 2638 471 2717 314,7
496 2639 949 2719 999-9199999919999999
973 2642 1006 2704 91
1027 2642 1225 2724 subscriptio·

97 2766 177 2826 nem,
213 2762 293 2828 quae
326 2744 357 2807 in
392 2744 417 2807 Β
452 2743 503 2809 191.
528 2744 601 2809 179Ι
631 2745 700 2827 9991
734 2743 910 2808 Dictionem
943 2742 1019 2809 XXI
1055 2742 1227 2809 Eooodius

93 2848 265 2914 emendasti
299 2865 402 2911 999999
436 2844 491 2909 deo
528 2866 594 2911 9199
636 2846 770 2911 iuuante
813 2846 943 2929 legitur,
984 2847 1060 2911 dum
1096 2846 1227 2913 alterins

97 2949 334 3034 subscriptionis
371 2948 519 3031 reliquiae
556 2948 617 3034 1991
651 2952 722 3033 9991
755 2949 854 3034 119191.
885 2949 914 3014 V
944 2951 982 3014 17
1016 2952 1048 3015 19
1082 2952 1226 3016 omnibns

97 3054 255 3121 codicibus
284 3055 514 3130 conseruantur,
546 3054 659 3119 omisit.
698 3054 881 3119 lacunarum
909 3072 981 3118 uero
1003 3052 1143 3134 exempla
1164 3071 1226 3118 non

96 3158 223 3224 exhausi
230 3180 238 3239 ;
276 3158 398 3222 restant
435 3157 529 3222 etiam
551 3157 704 3222 uocabula
730 3157 887 3234 nonnulla,
919 3175 1090 3239 quaecum
1114 3158 1149 3239 B,
1173 3159 1225 3240 qui

95 3260 181 3326 omni
210 3258 457 3344 interpolationis
487 3260 660 3342 suspicione
688 3258 838 3325 immunis
867 3263 924 3337 est,
957 3261 1042 3325 99199
1074 3260 1225 3337 exhibeat,

95 3383 200 3429 errore
232 3364 264 3430 in
294 3362 422 3429 alterius
452 3362 588 3428 familiae
619 3362 785 3447 archetypo
811 3362 1004 3428 intercidisse
1026 3381 1119 3445 qnam
1142 3364 1174 3427 in
1198 3366 1225 3429 B

97 3468 137 3532 ab
166 3469 384 3549 interpolatore
414 3467 534 3533 adiecta
561 3485 627 3531 esse
649 3466 841 3549 probabilius
863 3468 1031 3546 statuetur,
1061 3467 1110 3531 bis
1132 3466 1225 3533 locis:

102 3572 149 3649 15,
173 3572 194 3636 9
216 3570 273 3636 ubi
294 3571 380 3636 lacus
402 3570 512 3635 Larius
535 3570 735 3636 describitur:
764 3570 872 3634 mario
896 3569 1035 3650 11991999
1055 3568 1225 3633 Adducam-

97 3694 155 3753 999
179 3672 344 3754 laudastis,
367 3690 445 3755 9999
469 3674 556 3754 (quos
579 3672 614 3749 T,
638 3672 718 3753 quod
741 3671 850 3757 8199.)
868 3692 931 3753 por
951 3670 1094 3752 wafasos
1114 3673 1227 3739 doctus

98 3776 267 3839 discrimen
300 3777 337 3839 19
372 3776 423 3850 (19
456 3793 515 3840 om.
545 3774 653 3859 LTV)
689 3774 792 3840 199999
824 3776 956 3840 tumoris
988 3775 1138 3855 99199611,
1170 3777 1228 3858 pot

98 3878 227 3959 opacari
248 3878 285 3942 19
307 3896 340 3941 99
359 3879 441 3959 (eura
456 3880 494 3957 B)
519 3896 693 3959 numqaum
709 3878 846 3960 9191999
859 3877 988 3943 turbido
999 3877 1225 3960 9999199919-

98 3984 201 4044 ucat.
245 3981 326 4064 quod
359 3982 424 4063 ipse
459 3981 530 4045 dedi
560 4000 693 4061 qaorum
722 3999 777 4063 pro
807 3998 883 4062 9999
911 3981 974 4045 iarn
1008 3982 1116 4046 dubito
1150 4001 1226 4047 nunu

99 4084 304 4148 neceesarium
322 4084 384 4160 sit;
411 4104 483 4150 narn
505 4102 583 4165 9999
597 4104 660 4165 per
681 4085 826 4165 confusos
847 4083 960 4148 9199199
980 4084 1224 4169 (9999999991)

100 4187 140 4250 ad
161 4186 269 4250 919919
287 4186 486 4267 dubiamque
513 4184 677 4269 Adducam,
702 4204 780 4268 quac
801 4187 956 4267 particula
978 4205 1037 4267 999
1058 4186 1228 4251 insolenter

102 4289 201 4367 posita
235 4289 399 4354 coniuncto
432 4294 514 4368 9991,
549 4291 655 4355 eodem
680 4292 771 4355 modo
794 4307 855 4370 quo
876 4308 1010 4370 quoram
1036 4287 1229 4369 9999199199

1091 4423 1124 4477 οἰ
