2992 4967
299 340 364 409 314
656 336 771 406 iiepni
788 335 918 393 Felioie
936 334 1067 393 llnnodi

300 527 461 612 splendore
492 526 657 594 nouitatis!
689 526 760 609 quis
790 524 848 593 hoe
875 525 984 609 lingue
1013 523 1100 591 diues
1129 524 1282 608 cuiquem
1309 524 1425 596 merito

299 630 427 712 psuperi
454 630 507 695 uel
537 627 691 711 opinionis
718 628 889 696 fubrioetor
916 629 1084 696 ediunxit?
1116 628 1186 711 quis
1208 629 1316 698 teliter
1337 644 1426 695 oem-

299 730 454 799 mentioiis
476 730 620 799 laudibus
643 731 850 819 loeuplotuuit
870 732 955 801 fumo
974 733 1138 799 domiuum
1151 736 1281 798 uduum
1295 748 1426 797 suorum

299 835 433 901 ueritute
455 832 656 903 mendicum?
678 852 740 901 non
762 834 877 920 derogo
893 835 1039 923 uobisde
1052 835 1266 919 seripsorinuu
1287 852 1424 916 quorum

298 936 445 1003 benolioio
474 938 606 1022 eontigit
636 938 744 1005 ornete
765 938 807 1007 ed
829 954 884 1003 nos
907 939 1058 1005 meierum
1080 939 1337 1021 resspondet:
1366 937 1459 1002 sede

298 1038 350 1104 dei
371 1037 524 1107 bonefisio
544 1059 606 1107 non
628 1042 755 1117 tenebo,
785 1040 859 1124 quie
884 1041 1028 1125 princeps
1050 1042 1157 1109 noste
1178 1040 1273 1107 rebus
1294 1044 1425 1122 superet

298 1141 407 1209 decoro
428 1162 615 1211 sermonum.
649 1144 814 1213 obnoxium
836 1144 954 1227 linguis
976 1143 1111 1228 glorium
1127 1160 1190 1211 uon
1211 1144 1360 1225 requirit:
1382 1142 1424 1209 ed

298 1243 423 1313 leudem
452 1264 541 1313 suum
570 1247 724 1315 ineuriem
755 1247 858 1315 oredit
885 1266 953 1317 esse
973 1248 1062 1331 ¹quod
1088 1248 1242 1331 iungitur.
1275 1245 1427 1329 reepioite

299 1347 388 1430 quusi
409 1347 492 1415 libre
513 1360 575 1435 que
597 1350 824 1435 dispensetione
853 1349 1041 1419 uenerabilis
1061 1366 1228 1420 sensuum
1250 1349 1426 1415 uomens

298 1449 476 1532 inspexerit,
491 1458 527 1519 ut
543 1470 614 1519 oum
629 1454 776 1537 petitioni
791 1454 914 1521 uestrae
927 1451 1183 1520 effoetnsurtiiex
1198 1452 1425 1535 pruesturetur,
1434 1473 1459 1513 o

297 1552 332 1619 in
354 1554 498 1623 omnibus
520 1558 626 1623 tomen
650 1556 719 1623 inre
741 1557 953 1625 eoelesiostiee
972 1555 1154 1623 eustodiret.
1185 1572 1266 1637 quse
1287 1555 1328 1619 sd
1342 1553 1426 1620 hono

221 1674 225 1687 ⁸
297 1656 546 1725 seedmetionom
569 1661 713 1742 quemuis
735 1660 875 1726 souliers
896 1657 1010 1725 esteris
1030 1658 1125 1725 eorde
1146 1654 1329 1723 sufficiunt?
1361 1672 1424 1721 uno

297 1762 447 1841 tempore,
470 1779 532 1825 uns
553 1760 735 1846 scriptione,
757 1764 825 1827 sine
854 1762 1023 1844 nequitutis
1050 1760 1237 1828 detrimento
1265 1759 1424 1826 desiderio

297 1864 405 1927 nostro
431 1863 631 1946 supplentur,
664 1868 697 1930 et
725 1867 833 1931 eedem
860 1867 948 1929 uerte
968 1865 1008 1929 ed
1030 1863 1240 1929 ministerium
1261 1862 1424 1947 religionis

297 1964 329 2029 et
350 1966 490 2033 uestrum
512 1965 687 2033 destinetur
709 1967 750 2033 sd
771 1968 931 2052 goudium.
964 1966 1038 2036 boni
1060 1966 1143 2033 enim
1164 1965 1314 2049 prineipis
1328 1984 1456 2050 prus-u

297 2063 378 2134 uidit
399 2065 578 2149 inquisitio,
608 2068 753 2135 seruilem
780 2070 988 2137 adsertionem
1009 2069 1170 2135 innoeenti
1195 2069 1336 2135 eremius
1358 2086 1424 2134 non

296 2169 495 2251 protundum.
532 2171 566 2236 in
598 2172 748 2239 eleou‘one
782 2171 866 2237 euim
900 2169 1149 2241 uenerandorum
1179 2170 1320 2239 inuisum
1350 2170 1422 2253 ipse

295 2277 476 2341 eoousmtes
498 2277 586 2341 entre
607 2274 745 2341 ordinem
771 2274 917 2357 reppulit,
939 2273 1008 2355 ipse
1024 2274 1065 2339 ed
1085 2290 1174 2357 spero
1195 2274 1307 2341 retulit
1325 2289 1422 2339 noeu-

296 2379 411 2444 sutum.

339 2492 507 2563 videamus
536 2500 658 2575 tomen,
686 2500 751 2564 ists
770 2497 798 2563 si
820 2496 907 2563 isoio
933 2499 1027 2579 suut,
1057 2496 1084 2560 ei
1104 2494 1156 2561 dei
1177 2495 1300 2561 inimici
1320 2498 1456 2562 etimne

295 2598 410 2663 terrem
444 2597 561 2666 domini
595 2620 655 2668 non
688 2601 811 2679 mistis,
845 2600 920 2665 dum
943 2597 1101 2664 christum
1128 2601 1162 2663 et
1189 2617 1296 2682 regem
1322 2599 1421 2682 parili

293 2702 472 2770 temeritate
494 2706 653 2790 despicitis
676 2710 706 2771 ot
728 2722 810 2771 unus
830 2702 924 2768 uobis
944 2700 985 2767 nd
1007 2705 1173 2784 utrumque
1192 2700 1420 2779 mutumelinun

295 2804 406 2872 duetus
428 2808 477 2872 est
498 2808 675 2874 eriminum.
711 2807 889 2874 destinetus
915 2804 1048 2871 tutides
1075 2803 1116 2869 eb
1138 2805 1206 2887 ipso
1227 2804 1419 2889 eonplendse

312 3016 315 3025 ’
346 3051 360 3104 1
379 3050 597 3119 qus-serumst
614 3068 664 3109 om.
683 3051 765 3107 sem
860 3048 932 3105 oure
950 3050 979 3106 n
1072 3050 1174 3121 qusque
1192 3050 1220 3108 n
1315 3052 1333 3107 s
1351 3068 1419 3122 puu-

294 3159 340 3214 per
357 3142 416 3200 rem
512 3144 619 3200 ediunri
637 3145 665 3203 Β
761 3144 989 3201 oommendetitiis
1006 3149 1073 3211 Aes,
1103 3146 1303 3202 commendetur
1318 3146 1349 3203 Β

293 3235 441 3291 dmendioo
454 3237 482 3295 R
560 3236 593 3293 de
607 3237 793 3309 scriptoribus]
806 3238 1009 3309 dleoriptoribus
1020 3239 1083 3305 LV,
1100 3238 1306 3295 disoribtoribus
1320 3240 1348 3295 Β

292 3356 697 3427 dpute(sent?oors.)T
805 3359 1064 3429 deupentBuL
1174 3333 1348 3447 ideeoress

292 3476 440 3521 eermuum
450 3460 486 3517 V¹
553 3460 1346 3531 non-dirpmsntioneenkflmeeAELPRTmeetSins

291 3599 408 3669 meme
424 3598 452 3653 e
553 3572 740 3669 erubrus-n
842 3564 1117 3670 e“oeoensor·s⁷,
1144 3590 1181 3658 oi
1200 3604 1363 3660 noenum
1382 3604 1415 3670 r,

291 3692 462 3748 munerabilis
484 3692 571 3749 Arses
675 3693 710 3747 10
727 3694 895 3764 inspexit'P
912 3700 938 3750 et
952 3694 1037 3751 ‘Sim
1139 3698 1300 3767 oopetitioni
1323 3697 1350 3753 Β

293 3788 323 3840 11
341 3784 504 3841 eclesiatica
521 3785 549 3840 B
648 3788 683 3842 erl
700 3788 728 3843 Β
745 3803 766 3843 n
784 3790 803 3843 t
907 3788 941 3843 12
956 3788 1203 3847 edmtimetionem
1220 3792 1252 3849 Β
1339 3810 1413 3850 mou·

291 3880 391 3935 seniore
407 3880 435 3935 Β
520 3880 657 3937 sufficient
674 3881 702 3938 Β
797 3884 831 3937 lie
847 3883 999 3939 datinntor
1014 3884 1083 3941 ΒΨ
1102 3892 1128 3942 et
1143 3886 1209 3953 sori.
1227 3888 1254 3942 Τ
1340 3904 1410 3959 pree

290 3971 361 4027 uidit
373 3975 501 4045 prinelple
510 3976 549 4031 Β·
635 3976 703 4033 elius
713 3976 836 4047 prouidit
845 3977 890 4032 nel
901 3978 1020 4046 peruidit
1029 3980 1097 4040 edes.
1112 3980 1237 4039 deum
1247 3984 1281 4039 ies
1291 4001 1347 4056 eea.

289 4066 324 4121 16
341 4066 490 4136 inquisitos
507 4070 547 4125 L·
649 4070 681 4126 ll
704 4070 919 4142 protundumT
1019 4075 1054 4130 18
1075 4078 1226 4134 munem
1243 4079 1270 4135 Τ
1308 4129 1312 4139 ,
1369 4096 1410 4135 re·

290 4160 405 4232 poison
502 4164 732 4235 meppeteslo
834 4168 1012 4235 umores*
1111 4169 1344 4233 ssorum.
1485 4165 1486 4170 '

290 4256 400 4312 antistis
418 4258 446 4314 Β
547 4258 716 4329 oempiendst
734 4259 762 4316 Β
