2992 4967
322 371 436 441 Opusa
456 370 487 425 V.
510 368 788 425 Eucharistioum
804 370 842 425 de
859 372 934 426 uite
951 387 1017 425 sna.
1167 372 1232 441 399

104 563 306 643 strorumque
328 579 413 626 eroes
435 561 564 644 penuria
582 564 795 644 perrumperet
815 562 848 627 et
861 560 894 627 iu
908 562 1100 628 culminibus
1114 564 1230 631 looatos

103 664 205 729 mmis
228 662 350 731 saeuior
373 665 494 746 egestas
517 664 693 747 obsideret,
722 682 781 750 ego
803 680 956 731 annorum
977 665 1077 732 ferme
1097 667 1231 733 sedeoirn

105 768 234 845 amitae,
258 782 337 849 quae
358 786 409 832 me
432 766 562 847 aluerat,
587 784 623 833 eo
644 770 833 853 tempestate
855 768 970 835 solatio
986 769 1128 851 priuatus
1141 787 1229 835 sum:

103 869 244 936 remansi
266 870 363 947 solus,
386 869 531 951 inopere
553 874 585 935 et
607 870 734 937 oonsilio
757 871 944 949 destitutus,
972 870 1023 937 eui
1044 871 1110 937 sola
1131 890 1230 938 reme-

78 972 197 1039 udlum
224 974 359 1039 tribuere
387 974 485 1056 possit
513 972 696 1039 aduersites.
734 994 773 1040 ne
793 973 877 1040 iuter
898 977 1056 1057 parentes,
1078 975 1162 1057 good
1182 980 1230 1041 ost

104 1075 305 1159 captiuitatis
326 1076 411 1141 sorte
433 1074 579 1153 amarius,
610 1076 751 1141 subsidia
771 1076 899 1142 uiuendi
920 1076 1001 1141 liber
1021 1093 1178 1160 posoerem
1197 1079 1231 1143 ot

104 1181 251 1263 cognitus
274 1178 540 1262 peregrinantium
562 1179 648 1245 mala
676 1181 857 1260 tolerarem,
890 1179 1045 1264 extemplo
1065 1180 1230 1263 porrexisti

104 1282 289 1348 cousuetam
312 1282 488 1365 dexteram,
520 1281 658 1348 defensio
681 1300 760 1362 mea,
783 1288 816 1349 et
836 1286 965 1350 domum
987 1300 1082 1349 oensu
1103 1283 1136 1349 et
1155 1283 1230 1349 reli·

103 1386 206 1469 gione¹
224 1384 445 1469 praediuitem,
479 1388 516 1449 ut
543 1386 695 1451 solatium
722 1402 829 1451 meum
857 1404 918 1453 non
945 1389 1124 1471 respueret,
1156 1404 1229 1451 oon·

61 1484 228 1571 repulisti.
251 1487 377 1571 poposoi
399 1490 431 1554 in
454 1488 688 1555 matrimonium
711 1490 872 1555 euiusdam
895 1490 1108 1555 nobilissimae
1123 1491 1156 1555 ot
1170 1489 1230 1556 tibi

102 1592 186 1657 beno
209 1595 371 1674 conpertas
392 1591 558 1673 paruulum
581 1592 721 1672 filiolum,
744 1592 896 1676 protinus,
915 1597 947 1659 te
972 1594 1009 1660 ut
1037 1594 1230 1659 anteueniret

100 1696 306 1777 prosumnte,
329 1696 417 1777 quusi
440 1696 499 1761 hoo
522 1714 542 1760 a
562 1715 611 1761 me
633 1696 751 1781 sperari
772 1698 946 1777 debuisset,
969 1700 1125 1781 eroeptus.
1154 1713 1228 1762 eon·

104 1796 182 1863 tulit
205 1796 285 1863 mihi
306 1797 495 1879 presentium
524 1798 585 1865 tibi
608 1801 799 1866 oousortium
827 1803 860 1867 et
880 1804 917 1867 ut
939 1800 1097 1866 elimentis
1119 1797 1229 1866 afflue·

103 1920 173 1966 rem
196 1904 227 1965 et
249 1900 289 1965 ed
311 1900 467 1968 eulturem
497 1904 586 1968 tuom
617 1902 738 1986 lugiens
761 1904 957 1971 infidelitatis
986 1906 1114 1971 obseura
1142 1920 1228 1968 oom-

62 2022 259 2071 remearem:
288 2024 364 2090 pene
387 2009 464 2071 ‘ante
492 2008 683 2092 agnitionem
711 2007 914 2073 desolationis
942 2026 1031 2073 meae
1059 2009 1229 2088 eoeperuut

105 2107 184 2174 mibi
207 2108 367 2192 largienda
389 2115 560 2194 suppetere.
592 2114 668 2177 tune
687 2110 825 2193 primum
848 2130 885 2176 ex
906 2110 1047 2177 mendleo
1069 2111 1101 2174 iu
1122 2128 1229 2194 regem

104 2217 261 2291 mutatus,
296 2212 493 2278 adfliotorum
524 2214 644 2279 orditus
678 2231 750 2279 sum
782 2214 867 2279 mala
900 2214 1041 2281 deridere
1073 2217 1104 2278 et
1137 2212 1228 2296 quasi

105 2316 212 2381 debita
232 2314 312 2381 mibi
329 2315 441 2381 fuisset
454 2316 653 2399 prosperitas,
676 2317 722 2382 sio
735 2316 866 2383 illorum
880 2318 1045 2402 neglegere
1058 2320 1227 2384 suetorum.

104 2431 167 2483 uon
188 2422 294 2486 temen
316 2420 486 2503 perduellis
515 2422 639 2487 animus
661 2422 693 2485 et
714 2421 809 2486 durae
835 2422 966 2487 eerniois
988 2420 1135 2487 eontinuo
1155 2438 1176 2484 a
1196 2419 1228 2483 te

62 2524 210 2587 autumer
237 2522 332 2589 elisus
361 2528 423 2591 est:
456 2524 629 2607 produxisti
659 2524 790 2590 ultionis
812 2525 968 2606 tempora,
990 2542 1030 2589 ne
1052 2523 1132 2589 forte
1153 2540 1227 2588 oon-

103 2644 258 2710 puugerer
272 2627 305 2691 et
318 2626 376 2692 boe
390 2630 524 2707 tantum,
547 2630 616 2710 quis
632 2632 713 2693 esset
726 2628 903 2711 praestitor,
925 2630 1052 2692 senatus
1066 2626 1226 2691 sentirem.

103 2730 159 2795 sed
181 2728 254 2811 quia
274 2730 367 2795 bomo
384 2747 446 2796 non
461 2731 629 2815 corrigitur
645 2750 681 2795 ex
696 2732 812 2795 iniusto
826 2748 884 2795 uae
898 2728 991 2795 iaoile
1004 2728 1044 2795 ad
1060 2726 1227 2793 eandidum

102 2834 175 2916 post
196 2832 335 2900 maculas
349 2835 511 2919 redigitur,
534 2837 608 2899 steti
623 2836 654 2899 iu
670 2832 828 2900 sententia
841 2850 914 2898 mea
928 2832 986 2897 illa
1000 2850 1061 2915 qua
1073 2830 1226 2905 salmom

102 2936 165 3002 uiei
187 2936 370 3020 patientiam
394 2939 483 3007 tuom
504 2939 737 3005 eontinuatione
759 2935 890 3021 peooati.
928 2938 961 3001 ot
982 2935 1064 3017 quie,
1087 2950 1161 2999 oum
1182 2933 1227 2999 sis

64 3040 383 3120 “clementissimum
412 3061 472 3109 non
495 3060 618 3126 semper
639 3042 794 3109 iustitiam
816 3040 952 3123 seponis,
981 3037 1115 3104 nudatus
1136 3053 1225 3120 prae-

102 3142 182 3209 sidio
216 3146 270 3211 tuo
304 3162 411 3211 nouem
444 3144 551 3230 illam,
590 3163 669 3228 quae
701 3146 820 3211 direoto
854 3145 902 3209 est
935 3140 976 3208 ad
1008 3158 1098 3208 aures
1132 3138 1225 3223 primi

156 3436 370 3505 lperrumperit
395 3435 420 3489 Β
522 3435 624 3489 loeutus
646 3434 675 3488 Β
784 3434 942 3503 detegentes
962 3432 990 3487 V
1088 3430 1225 3486 obsederet

101 3524 129 3578 Β
231 3521 348 3577 eedeeem
366 3521 393 3577 Β
493 3522 511 3575 s
534 3520 631 3574 solatio
655 3519 710 3575 ΒΤ
794 3519 903 3589 priuata
920 3519 947 3574 Β
1046 3516 1225 3571 ediutitutue

101 3609 129 3663 Β
233 3610 357 3677 5poaeet
373 3606 514 3663 adfinitas:
536 3606 583 3660 aed
599 3608 666 3674 sort.
769 3604 865 3660 torte
882 3605 910 3660 Β
1011 3602 1224 3658 et-tolerarem

101 3694 142 3760 13,
169 3710 220 3751 oen.
237 3694 366 3750 LPTVb
457 3693 602 3762 lexemplo
615 3692 668 3749 BL
759 3690 978 3745 SoonsnitemB
1069 3686 1223 3756 religionem

101 3782 130 3837 Β
231 3780 396 3836 amusium
417 3778 500 3835 ΒΒΤ
599 3779 729 3849 respuerit
752 3777 780 3832 B
881 3775 915 3833 10
936 3774 1108 3830 matrimonio
1131 3772 1157 3826 Β

102 3868 133 3921 11
160 3868 294 3936 paruolum
317 3867 358 3931 Β,
387 3866 528 3934 paruulum
556 3866 591 3921 V¹
693 3864 859 3919 anteueniret
880 3863 993 3933 scripsi,
1021 3859 1055 3916 sd
1072 3863 1099 3914 te
1121 3858 1224 3912 ueniret

102 3953 185 4009 LPT
189 3952 245 4019 Vb,
273 3951 449 4007 adterenire
466 3951 494 4005 Β
590 3952 622 4006 13
634 3950 798 4005 aflueremB
897 3948 930 4003 ts
945 3944 1083 4016 negligere
1100 3942 1157 4001 BP

103 4038 136 4093 19
153 4040 258 4094 animus
274 4039 322 4104 lim
332 4042 413 4105 eoru.)
431 4037 459 4092 L
560 4035 595 4092 ΒΟ
612 4042 757 4107 obpugerer
772 4033 810 4091 Β·
912 4034 944 4088 21
964 4034 1033 4089 esset
1051 4032 1131 4094 PTb,
1157 4032 1224 4086 isset

102 4124 198 4191 ΒΒΥς
224 4127 270 4195 qni
287 4124 384 4179 fuisset
400 4123 468 4189 fort.
570 4122 605 4177 22
627 4123 773 4194 eorrigitur
792 4124 823 4186 Τ,
851 4119 964 4188 eorrigit
989 4118 1080 4185 LVb,
1109 4117 1224 4186 corriget

101 4212 129 4266 Β
231 4212 334 4267 iniusta
350 4212 378 4266 Β
480 4225 513 4264 ne
529 4210 557 4265 Β
659 4210 694 4265 23
711 4210 844 4278 redigitur
860 4206 972 4276 seipsi,
997 4205 1100 4259 aeditus
1121 4204 1157 4265 Β,
1183 4218 1223 4257 ee·

101 4299 179 4353 detur
196 4298 278 4354 ΒΝ
280 4298 297 4353 b
393 4295 479 4351 sende
496 4294 523 4351 Β
618 4296 732 4350 eedirem
749 4296 777 4350 Β
879 4293 914 4347 25
931 4292 1035 4360 reponis
1052 4290 1154 4347 ΒΜ
