2992 4967
1134 372 1209 420 XXV

84 541 171 604 inser.
200 539 256 603 lat.
279 538 352 603 Vi
380 558 426 604 nr.
459 539 543 605 6966
573 540 747 623 perspexit,
788 558 825 605 ex
861 541 1030 608 Alciatinis
1066 543 1206 628 traxerit,

85 660 154 706 enm
174 640 218 706 161
240 642 316 707 haee
337 644 506 707 memoriae
528 645 714 725 prodantur:
743 644 887 709 tamaius
909 665 930 710 a
951 645 1044 711 nobis
1065 649 1208 727 repertas

83 744 131 809 bie
153 744 377 811 66666νῶ66666
397 745 462 826 fait
546 744 628 827 qaod
650 746 690 810 ab
711 744 832 811 lisdem
853 746 989 811 aedduis
1010 748 1208 830 (deecclesia

85 846 114 913 S.
136 848 291 913 Francisci
313 848 484 914 Mediolani
506 864 607 914 sermo
630 850 689 930 est)
713 849 783 913 iam
804 850 1053 915 6616666666
1075 851 1207 933 666666·-

83 968 159 1028 mas,
181 954 218 1015 at
240 950 344 1015 aliem
372 950 435 1015 ioca
461 951 613 1031 imposita
634 970 743 1015 nrensa
765 952 910 1033 ineptum
937 953 1094 1033 quoddam
1115 955 1208 1021 aliud

81 1051 277 1133 smuumum
291 1058 459 1137 emteperet
473 1055 745 1135 meessariampae
766 1054 864 1135 fuen't
883 1058 1042 1130 uetustam
1055 1054 1139 1121 tana
1154 1058 1207 1121 ia·

81 1155 276 1237 smiptiman
291 1178 312 1221 a
327 1157 499 1223 recadibus
512 1156 703 1239 quibasdam
718 1158 845 1222 meniis
859 1176 1016 1242 separare,
1040 1160 1072 1223 66
1094 1158 1208 1225 codicis

81 1258 245 1323 laudensis
277 1278 386 1325 manus
414 1262 564 1342 posterior
595 1260 646 1342 (de
674 1278 734 1343 qna
763 1260 802 1325 cf.
825 1260 1053 1327 Mommsennrn
1074 1280 1106 1344 p.
1129 1261 1206 1346 629)

81 1366 139 1425 tres
160 1380 270 1427 uersus
294 1361 379 1428 ’1-9
401 1363 499 1427 lectos
521 1363 558 1425 in
573 1360 709 1427 maudido
731 1361 840 1444 lapide
861 1364 966 1442 addat,
990 1366 1059 1447 quis
1083 1365 1120 1429 ds
1142 1366 1207 1430 ori·

80 1467 147 1547 gine
168 1466 261 1531 huius
284 1465 429 1531 armate
444 1465 602 1531 dubitabit
618 1468 710 1546 atque
726 1485 763 1530 ex
777 1464 866 1532 libris
881 1465 961 1529 illud
983 1466 1206 1550 manuscriptis

81 1570 111 1631 in
131 1567 266 1652 syllogus
288 1568 408 1633 Alciati
431 1568 624 1651 aliorumque
647 1568 809 1633 transiisse
829 1568 1061 1651 suspicabitur?
1082 1590 1207 1637 carmen

80 1682 147 1736 sane
167 1673 270 1755 ipsum
294 1671 375 1737 hano
396 1673 604 1755 suspicionem
626 1691 785 1737 remouere
807 1673 860 1736 nix
888 1672 997 1755 possit,
1029 1690 1101 1738 cnm
1129 1691 1207 1756 quas

80 1774 247 1853 peculiares
270 1774 364 1840 babet
385 1775 556 1857 scripturas
585 1776 617 1839 in
639 1792 686 1839 us.
708 1774 731 1838 4
753 1793 832 1839 nam
861 1792 916 1857 pro
937 1775 985 1839 sio
1007 1776 1039 1841 et
1059 1778 1092 1840 in
1117 1794 1162 1841 ns.
1186 1777 1207 1841 5

80 1880 125 1940 sat
150 1895 206 1959 pro
233 1878 280 1942 sie
309 1895 370 1942 non
393 1877 438 1941 ita
467 1876 662 1959 comparatae
684 1876 759 1953 sint,
781 1877 818 1941 66
839 1895 894 1960 per
916 1896 949 1943 se
971 1878 1205 1960 probabilitatis

81 1982 239 2047 momentis
263 1979 524 2046 commendentur,
555 1978 648 2043 huius
671 1980 768 2062 igitur
782 1983 814 2044 st
828 1981 1016 2062 reliquorum
1032 1981 1207 2047 caminum

83 2084 201 2169 syllogis
236 2082 443 2167 epigrapbieis
478 2086 730 2149 conseruatorum
765 2084 952 2162 aestimatio,
987 2083 1050 2148 nisi
1077 2085 1116 2149 de
1144 2086 1206 2149 ori·

82 2187 144 2267 gina
174 2189 205 2252 ot
234 2186 334 2269 pretio
363 2187 490 2252 illorum
513 2188 701 2268 constiterit,
730 2186 768 2251 de
798 2187 910 2268 quibus
931 2186 1144 2253 Mommsenns
1172 2188 1207 2251 in

82 2287 163 2372 Oarp.
186 2290 281 2356 inser.
304 2289 359 2355 lat.
385 2289 412 2352 V
435 2291 455 2355 2
477 2309 507 2372 p.
530 2290 591 2355 617
608 2308 653 2372 sq.
684 2290 766 2374 egit,
789 2290 912 2354 incerta
933 2290 1111 2356 iactabitur.
1150 2310 1203 2357 ex-

80 2393 159 2457 stant
180 2395 288 2459 666666
311 2393 509 2458 collectiones
531 2395 620 2476 duas,
645 2392 766 2458 alciati
781 2412 808 2457 6.
824 2411 853 2458 a
871 2392 953 2459 1608
969 2393 1137 2461 Mediolani
1156 2396 1206 2461 in·

80 2494 188 2560 stituta
210 2500 242 2561 et
264 2496 432 2572 Fontanus,
457 2496 511 2579 qni
533 2495 796 2562 6615606616
819 2496 962 2574 confecit,
984 2497 1110 2580 inques
1134 2516 1205 2563 cnm

78 2598 137 2662 alia
164 2602 234 2666 tum
267 2600 401 2681 quinquo
424 2600 479 2665 illa
502 2601 539 2665 ds
569 2600 717 2683 episcopis
741 2600 1026 2666 Mediolanensibus
1049 2600 1205 2684 epigram·

80 2702 161 2766 mata
182 2722 216 2767 ex
239 2703 412 2768 uetustiore
434 2702 538 2767 codiee
560 2705 685 2785 sumpta
707 2704 791 2779 sunt,
814 2722 909 2785 quem
930 2722 966 2767 ea
987 2722 1023 2767 er
1046 2703 1204 2787 lapidibus

79 2804 149 2885 ipsis
186 2808 314 2887 excepta
355 2804 498 2870 babuisse
535 2806 747 2871 Mommsenus
791 2806 944 2890 opinatur.
989 2824 1089 2888 neque
1131 2806 1204 2871 inde

80 2925 144 2971 eum
172 2910 210 2973 de
240 2909 299 2974 hac
326 2908 445 2989 origine
472 2908 627 2973 dubitatio
657 2908 765 2994 subiit,
788 2912 870 2991 quad
899 2908 1063 2975 Alsietina
1082 2928 1102 2973 a
1123 2909 1203 2974 Fon-

81 3010 208 3077 tanianis
244 3012 336 3077 ualde
371 3012 523 3077 differunt
551 3016 583 3078 et
616 3016 728 3077 neutra
763 3014 900 3077 recensio
929 3031 1002 3077 eum
1030 3030 1075 3090 ea,
1110 3030 1204 3093 qnam

80 3114 194 3179 codices
214 3115 387 3181 Itnnodiani
410 3116 618 3198 suppeditant,
643 3117 729 3181 cuius
744 3116 969 3199 praestantiam
983 3115 1040 3180 illo
1054 3118 1138 3181 recte
1152 3114 1204 3181 in·

80 3216 204 3300 tellexit,
234 3218 403 3283 consociari
431 3220 542 3299 potest.
578 3219 728 3299 quaestio,
757 3220 872 3301 inquit,
894 3223 1026 3300 propter
1045 3237 1204 3283 smmaam

80 3320 237 3401 utriusque
266 3322 454 3387 recensionis
482 3320 699 3387 dmmsitatcm
728 3321 902 3386 admodum
926 3321 1081 3403 perplana
1106 3321 1205 3385 eiiam

80 3424 177 3504 mapis
198 3442 231 3488 eo
259 3424 476 3505 complicatur,
510 3424 594 3506 qaod
622 3426 708 3489 inter
729 3424 879 3491 Ennadii
911 3425 1145 3507 cpiprammata
1167 3424 1204 3487 in

81 3524 199 3591 1666666
227 3527 388 3593 duodecim
417 3534 629 3610 episcoporum
655 3528 945 3595 Mediolanensiam
974 3528 1014 3593 ab
1036 3526 1204 3593 Ambrosio

80 3627 119 3689 ad
148 3629 342 3695 Theodoram
373 3631 492 3709 (Oarm.
517 3630 538 3695 l.
562 3636 585 3697 2
606 3652 653 3713 ep.
677 3636 825 3715 77-89)
856 3633 996 3714 quinque
1023 3630 1204 3695 6661666-

80 3727 171 3794 deant
195 3734 258 3815 (ar.
282 3737 303 3796 3
327 3734 379 3817 [-
395 3734 458 3818 79].
490 3737 512 3797 4
538 3734 590 3817 [-
606 3735 672 3819 80].
696 3736 715 3799 5
741 3735 793 3819 [-
809 3736 877 3819 82].
902 3740 921 3801 6
946 3735 998 3818 [-
1014 3735 1082 3820 83].
1105 3738 1127 3798 8
1151 3734 1203 3818 [=

82 3833 142 3916 87],
164 3834 217 3899 sed
237 3834 343 3916 forma
365 3836 539 3903 admodum
560 3837 690 3903 diuersa
704 3842 732 3903 et
746 3842 783 3901 at
800 3838 890 3902 niodo
911 3837 1092 3918 Alsietina,
1115 3836 1205 3901 modo

82 3931 290 4003 Fundaniana
311 3941 448 4004 recensio
466 3940 603 4021 propias
626 3940 709 4005 absit
726 3941 766 4005 ab
780 3939 983 4005 6366661666
1004 3940 1100 4017 edita,
1124 3958 1204 4020 puae

82 4054 154 4101 sane
171 4046 312 4120 prostat
333 4042 468 4125 uirique.
492 4046 526 4108 at
547 4046 703 4107 amtorem
724 4042 859 4125 spllopes
881 4043 977 4107 baias
998 4063 1035 4107 aa
1056 4043 1204 4106 aurneina

83 4156 118 4199 ea
139 4142 236 4208 cadim
256 4144 402 4209 Enaoolii
423 4146 593 4227 sumpsisse
614 4165 679 4211 non
700 4145 898 4229 crediderim,
921 4148 1017 4211 imaro
1031 4146 1204 4227 composuit

83 4243 211 4329 Syllopcn
239 4252 282 4315 ad
314 4252 400 4333 ipsos
433 4250 555 4333 lapides
583 4271 645 4333 par
673 4251 818 4317 molesios
847 4250 1102 4315 Mediolanenses
1124 4268 1204 4329 pra·
