<?xml version="1.0" encoding="UTF-8"?>
<!DOCTYPE html PUBLIC "-//W3C//DTD XHTML 1.0 Transitional//EN"
    "http://www.w3.org/TR/xhtml1/DTD/xhtml1-transitional.dtd">
<html xmlns="http://www.w3.org/1999/xhtml" xml:lang="en" lang="en">
 <head>
  <title>
</title>
<meta http-equiv="Content-Type" content="text/html;charset=utf-8" />
  <meta name='ocr-system' content='tesseract 3.04.00' />
  <meta name='ocr-capabilities' content='ocr_page ocr_carea ocr_par ocr_line ocrx_word'/>
</head>
<body>
  <div class='ocr_page' id='page_1' title='image "./corpusscriptoru10wissgoog/corpusscriptoru10wissgoog_1004.png"; bbox 0 0 2992 4967; ppageno 0'>
   <div class='ocr_carea' id='block_1_1' title="bbox 643 345 1031 423">
    <p class='ocr_par' dir='ltr' id='par_1_1' title="bbox 643 345 1031 423">
     <span class='ocr_line' id='line_1_1' title="bbox 643 345 1031 423; baseline -0.005 -22"><span class='ocrx_word' id='word_1_1' title='bbox 643 345 773 401; x_wconf 74' lang='lat' dir='ltr'><strong>Incerti</strong></span> <span class='ocrx_word' id='word_1_2' title='bbox 790 346 947 401; x_wconf 77' lang='lat' dir='ltr'><strong>auctoris</strong></span> <span class='ocrx_word' id='word_1_3' title='bbox 1027 414 1031 423; x_wconf 37' lang='grc' dir='ltr'>Ι</span> 
     </span>
    </p>
   </div>
   <div class='ocr_carea' id='block_1_2' title="bbox 360 852 1235 1097">
    <p class='ocr_par' dir='ltr' id='par_1_2' title="bbox 360 852 1235 1097">
     <span class='ocr_line' id='line_1_2' title="bbox 360 852 1235 941; baseline 0.002 -2"><span class='ocrx_word' id='word_1_4' title='bbox 360 854 552 941; x_wconf 72' lang='lat' dir='ltr'><strong>lionam</strong></span> <span class='ocrx_word' id='word_1_5' title='bbox 585 852 817 941; x_wconf 70' lang='lat' dir='ltr'><strong>Autronio</strong></span> <span class='ocrx_word' id='word_1_6' title='bbox 852 854 1019 941; x_wconf 78' lang='lat' dir='ltr'><strong>PASSIO</strong></span> <span class='ocrx_word' id='word_1_7' title='bbox 1051 856 1235 941; x_wconf 81' lang='lat' dir='ltr'>SEPTEM</span> 
     </span>
     <span class='ocr_line' id='line_1_3' title="bbox 622 1010 969 1097; baseline -0.009 0"><span class='ocrx_word' id='word_1_8' title='bbox 622 1010 969 1097; x_wconf 78' lang='lat' dir='ltr'><strong>Monnofloeon</strong></span> 
     </span>
    </p>
   </div>
   <div class='ocr_carea' id='block_1_3' title="bbox 134 1232 1368 1548">
    <p class='ocr_par' dir='ltr' id='par_1_3' title="bbox 134 1232 1368 1548">
     <span class='ocr_line' id='line_1_4' title="bbox 275 1232 1368 1316; baseline -0.003 -14"><span class='ocrx_word' id='word_1_9' title='bbox 275 1233 419 1302; x_wconf 81' lang='lat' dir='ltr'>PASSIO</span> <span class='ocrx_word' id='word_1_10' title='bbox 436 1233 775 1301; x_wconf 72' lang='lat' dir='ltr'><strong>BEATISSIMORUM</strong></span> <span class='ocrx_word' id='word_1_11' title='bbox 791 1234 1031 1303; x_wconf 79' lang='lat' dir='ltr'><strong>MARTYRUM</strong></span> <span class='ocrx_word' id='word_1_12' title='bbox 1046 1234 1120 1316; x_wconf 77' lang='lat' dir='ltr'><strong>ool</strong></span> <span class='ocrx_word' id='word_1_13' title='bbox 1135 1233 1248 1301; x_wconf 83' lang='lat' dir='ltr'>APUD</span> <span class='ocrx_word' id='word_1_14' title='bbox 1264 1232 1368 1301; x_wconf 77' lang='lat' dir='ltr'><strong>CAR·</strong></span> 
     </span>
     <span class='ocr_line' id='line_1_5' title="bbox 233 1352 1366 1427; baseline -0.003 -3"><span class='ocrx_word' id='word_1_15' title='bbox 233 1356 459 1427; x_wconf 67' lang='lat' dir='ltr'><strong>pneumon</strong></span> <span class='ocrx_word' id='word_1_16' title='bbox 486 1354 606 1423; x_wconf 77' lang='lat' dir='ltr'>PASSI</span> <span class='ocrx_word' id='word_1_17' title='bbox 634 1354 744 1421; x_wconf 81' lang='lat' dir='ltr'>SUNT</span> <span class='ocrx_word' id='word_1_18' title='bbox 774 1354 853 1423; x_wconf 87' lang='lat' dir='ltr'><strong>SUB</strong></span> <span class='ocrx_word' id='word_1_19' title='bbox 874 1353 997 1421; x_wconf 87' lang='lat' dir='ltr'><strong><em>IMPIO</em></strong></span> <span class='ocrx_word' id='word_1_20' title='bbox 1020 1352 1131 1421; x_wconf 77' lang='lat' dir='ltr'>REGE</span> <span class='ocrx_word' id='word_1_21' title='bbox 1153 1352 1366 1421; x_wconf 80' lang='lat' dir='ltr'>HUNIRIGO</span> 
     </span>
     <span class='ocr_line' id='line_1_6' title="bbox 134 1474 612 1548; baseline 0.01 -5"><span class='ocrx_word' id='word_1_22' title='bbox 134 1480 137 1488; x_wconf 87' lang='lat'>&#39;</span> <span class='ocrx_word' id='word_1_23' title='bbox 159 1480 163 1490; x_wconf 83' lang='grc'><em>“</em></span> <span class='ocrx_word' id='word_1_24' title='bbox 233 1478 306 1543; x_wconf 74' lang='lat' dir='ltr'><strong>DIS</strong></span> <span class='ocrx_word' id='word_1_25' title='bbox 327 1477 383 1542; x_wconf 87' lang='lat' dir='ltr'><strong>VI.</strong></span> <span class='ocrx_word' id='word_1_26' title='bbox 406 1475 504 1542; x_wconf 80' lang='lat' dir='ltr'>NON.</span> <span class='ocrx_word' id='word_1_27' title='bbox 527 1474 612 1548; x_wconf 62' lang='lat' dir='ltr'><strong>[UI-</strong></span> 
     </span>
    </p>
   </div>
   <div class='ocr_carea' id='block_1_4' title="bbox 205 1611 1364 1698">
    <p class='ocr_par' dir='ltr' id='par_1_4' title="bbox 205 1611 1364 1698">
     <span class='ocr_line' id='line_1_7' title="bbox 205 1611 1364 1698; baseline -0.004 -17"><span class='ocrx_word' id='word_1_28' title='bbox 205 1616 221 1681; x_wconf 95' lang='lat'>1</span> <span class='ocrx_word' id='word_1_29' title='bbox 276 1613 320 1698; x_wconf 94' lang='grc' dir='ltr'><strong>(Ι)</strong></span> <span class='ocrx_word' id='word_1_30' title='bbox 353 1612 591 1679; x_wconf 75' lang='lat' dir='ltr'><strong>Praedicaturus</strong></span> <span class='ocrx_word' id='word_1_31' title='bbox 615 1612 794 1693; x_wconf 85' lang='lat' dir='ltr'><strong>triumphos</strong></span> <span class='ocrx_word' id='word_1_32' title='bbox 822 1614 999 1696; x_wconf 83' lang='lat' dir='ltr'><strong>martyrum</strong></span> <span class='ocrx_word' id='word_1_33' title='bbox 1021 1614 1183 1678; x_wconf 81' lang='lat' dir='ltr'><strong>beatorum</strong></span> <span class='ocrx_word' id='word_1_34' title='bbox 1206 1611 1247 1677; x_wconf 73' lang='lat' dir='ltr'><strong>sei</strong></span> <span class='ocrx_word' id='word_1_35' title='bbox 1268 1628 1364 1676; x_wconf 87' lang='lat' dir='ltr'><strong>enar-</strong></span> 
     </span>
    </p>
   </div>
   <div class='ocr_carea' id='block_1_5' title="bbox 230 1713 1400 2208">
    <p class='ocr_par' dir='ltr' id='par_1_5' title="bbox 230 1713 1400 2208">
     <span class='ocr_line' id='line_1_8' title="bbox 232 1713 1400 1800; baseline -0.003 -19"><span class='ocrx_word' id='word_1_36' title='bbox 232 1716 328 1781; x_wconf 86' lang='lat' dir='ltr'><strong>randa</strong></span> <span class='ocrx_word' id='word_1_37' title='bbox 350 1734 429 1799; x_wconf 85' lang='lat' dir='ltr'><strong>quae</strong></span> <span class='ocrx_word' id='word_1_38' title='bbox 451 1718 540 1800; x_wconf 81' lang='lat' dir='ltr'><strong>gesta</strong></span> <span class='ocrx_word' id='word_1_39' title='bbox 561 1716 636 1780; x_wconf 87' lang='lat' dir='ltr'><strong>sunt</strong></span> <span class='ocrx_word' id='word_1_40' title='bbox 661 1714 813 1781; x_wconf 85' lang='lat' dir='ltr'><strong>auxilium</strong></span> <span class='ocrx_word' id='word_1_41' title='bbox 836 1732 964 1798; x_wconf 78' lang='lat' dir='ltr'><strong>exposco</strong></span> <span class='ocrx_word' id='word_1_42' title='bbox 991 1714 1142 1799; x_wconf 89' lang='lat' dir='ltr'><strong>diuinum,</strong></span> <span class='ocrx_word' id='word_1_43' title='bbox 1165 1715 1271 1798; x_wconf 92' lang='lat' dir='ltr'><strong>utqui</strong></span> <span class='ocrx_word' id='word_1_44' title='bbox 1293 1713 1364 1779; x_wconf 85' lang='lat' dir='ltr'><strong>illie</strong></span> <span class='ocrx_word' id='word_1_45' title='bbox 1387 1736 1400 1777; x_wconf 79' lang='lat' dir='ltr'><strong>s</strong></span> 
     </span>
     <span class='ocr_line' id='line_1_9' title="bbox 231 1816 1364 1901; baseline -0.001 -17"><span class='ocrx_word' id='word_1_46' title='bbox 231 1817 390 1901; x_wconf 82' lang='lat' dir='ltr'><strong>praestitit</strong></span> <span class='ocrx_word' id='word_1_47' title='bbox 413 1818 578 1901; x_wconf 80' lang='lat' dir='ltr'><strong>superandi</strong></span> <span class='ocrx_word' id='word_1_48' title='bbox 601 1818 776 1897; x_wconf 73' lang='lat' dir='ltr'><strong>uictoriam</strong></span> <span class='ocrx_word' id='word_1_49' title='bbox 800 1818 878 1883; x_wconf 89' lang='lat' dir='ltr'><strong>mihi</strong></span> <span class='ocrx_word' id='word_1_50' title='bbox 901 1816 1033 1900; x_wconf 80' lang='lat' dir='ltr'><strong>indigno</strong></span> <span class='ocrx_word' id='word_1_51' title='bbox 1049 1819 1080 1883; x_wconf 92' lang='lat' dir='ltr'><strong>et</strong></span> <span class='ocrx_word' id='word_1_52' title='bbox 1095 1817 1243 1883; x_wconf 77' lang='lat' dir='ltr'><strong>inmerito</strong></span> <span class='ocrx_word' id='word_1_53' title='bbox 1260 1836 1364 1900; x_wconf 86' lang='lat' dir='ltr'><strong>quan·</strong></span> 
     </span>
     <span class='ocr_line' id='line_1_10' title="bbox 231 1920 1363 2006; baseline 0.001 -20"><span class='ocrx_word' id='word_1_54' title='bbox 231 1922 432 2004; x_wconf 85' lang='lat' dir='ltr'><strong>tulaoumque</strong></span> <span class='ocrx_word' id='word_1_55' title='bbox 454 1922 621 1987; x_wconf 90' lang='lat' dir='ltr'><strong>uerborum</strong></span> <span class='ocrx_word' id='word_1_56' title='bbox 635 1921 775 2006; x_wconf 79' lang='lat' dir='ltr'><strong>porrigat</strong></span> <span class='ocrx_word' id='word_1_57' title='bbox 790 1925 986 1987; x_wconf 83' lang='lat' dir='ltr'><strong>ornamenta</strong></span> <span class='ocrx_word' id='word_1_58' title='bbox 1010 1920 1098 1986; x_wconf 79' lang='lat' dir='ltr'><strong>Tune</strong></span> <span class='ocrx_word' id='word_1_59' title='bbox 1114 1920 1233 1985; x_wconf 79' lang='lat' dir='ltr'>etenim</span> <span class='ocrx_word' id='word_1_60' title='bbox 1249 1921 1363 1987; x_wconf 86' lang='lat' dir='ltr'><strong>ualebo</strong></span> 
     </span>
     <span class='ocr_line' id='line_1_11' title="bbox 232 2022 1362 2109; baseline 0 -22"><span class='ocrx_word' id='word_1_61' title='bbox 232 2041 309 2106; x_wconf 84' lang='lat' dir='ltr'><strong>puae</strong></span> <span class='ocrx_word' id='word_1_62' title='bbox 331 2023 504 2089; x_wconf 84' lang='lat' dir='ltr'><strong>desiderata</strong></span> <span class='ocrx_word' id='word_1_63' title='bbox 526 2028 599 2089; x_wconf 91' lang='lat' dir='ltr'><strong>sunt</strong></span> <span class='ocrx_word' id='word_1_64' title='bbox 621 2024 770 2102; x_wconf 75' lang='lat' dir='ltr'><strong>inimare,</strong></span> <span class='ocrx_word' id='word_1_65' title='bbox 794 2024 823 2089; x_wconf 91' lang='lat' dir='ltr'><strong>si</strong></span> <span class='ocrx_word' id='word_1_66' title='bbox 839 2022 900 2108; x_wconf 86' lang='lat' dir='ltr'><strong>ipsi</strong></span> <span class='ocrx_word' id='word_1_67' title='bbox 917 2024 1086 2109; x_wconf 78' lang='lat' dir='ltr'><strong>dignentur</strong></span> <span class='ocrx_word' id='word_1_68' title='bbox 1101 2040 1158 2107; x_wconf 91' lang='lat' dir='ltr'><strong>pro</strong></span> <span class='ocrx_word' id='word_1_69' title='bbox 1173 2043 1224 2089; x_wconf 92' lang='lat' dir='ltr'><strong>me</strong></span> <span class='ocrx_word' id='word_1_70' title='bbox 1247 2024 1362 2089; x_wconf 83' lang='lat' dir='ltr'><strong>misero</strong></span> 
     </span>
     <span class='ocr_line' id='line_1_12' title="bbox 230 2124 562 2208; baseline -0.006 -17"><span class='ocrx_word' id='word_1_71' title='bbox 230 2124 356 2191; x_wconf 81' lang='lat' dir='ltr'><strong>domino</strong></span> <span class='ocrx_word' id='word_1_72' title='bbox 378 2127 562 2208; x_wconf 79' lang='lat' dir='ltr'><strong>supplicare.</strong></span> 
     </span>
    </p>
   </div>
   <div class='ocr_carea' id='block_1_6' title="bbox 203 2244 1398 3465">
    <p class='ocr_par' dir='ltr' id='par_1_6' title="bbox 203 2244 1398 2947">
     <span class='ocr_line' id='line_1_13' title="bbox 203 2244 1398 2332; baseline -0.004 -15"><span class='ocrx_word' id='word_1_73' title='bbox 203 2251 224 2317; x_wconf 83' lang='lat'>2</span> <span class='ocrx_word' id='word_1_74' title='bbox 277 2245 336 2329; x_wconf 92' lang='grc' dir='ltr'>(ΙΙ)</span> <span class='ocrx_word' id='word_1_75' title='bbox 378 2244 535 2328; x_wconf 78' lang='lat' dir='ltr'><strong>Septimus</strong></span> <span class='ocrx_word' id='word_1_76' title='bbox 558 2264 689 2329; x_wconf 87' lang='lat' dir='ltr'><strong>namque</strong></span> <span class='ocrx_word' id='word_1_77' title='bbox 718 2246 873 2332; x_wconf 78' lang='lat' dir='ltr'><strong>agebatur</strong></span> <span class='ocrx_word' id='word_1_78' title='bbox 900 2266 1000 2313; x_wconf 86' lang='lat' dir='ltr'><strong>annus</strong></span> <span class='ocrx_word' id='word_1_79' title='bbox 1032 2247 1242 2315; x_wconf 81' lang='lat' dir='ltr'><strong>erudelissimi</strong></span> <span class='ocrx_word' id='word_1_80' title='bbox 1264 2250 1398 2331; x_wconf 77' lang='lat' dir='ltr'><strong>atquem</strong></span> 
     </span>
     <span class='ocr_line' id='line_1_14' title="bbox 234 2347 1361 2435; baseline 0 -18"><span class='ocrx_word' id='word_1_81' title='bbox 234 2348 413 2433; x_wconf 83' lang='lat' dir='ltr'><strong>impiissimi</strong></span> <span class='ocrx_word' id='word_1_82' title='bbox 434 2348 516 2433; x_wconf 82' lang='lat' dir='ltr'><strong>regis</strong></span> <span class='ocrx_word' id='word_1_83' title='bbox 539 2347 693 2429; x_wconf 88' lang='lat' dir='ltr'><strong>Hunirioi‚</strong></span> <span class='ocrx_word' id='word_1_84' title='bbox 717 2353 750 2415; x_wconf 92' lang='lat' dir='ltr'><strong>et</strong></span> <span class='ocrx_word' id='word_1_85' title='bbox 772 2367 843 2415; x_wconf 88' lang='lat' dir='ltr'><strong>eooe</strong></span> <span class='ocrx_word' id='word_1_86' title='bbox 865 2350 1013 2435; x_wconf 84' lang='lat' dir='ltr'><strong>antiquus</strong></span> <span class='ocrx_word' id='word_1_87' title='bbox 1035 2352 1147 2431; x_wconf 84' lang='lat' dir='ltr'><strong>hostis,</strong></span> <span class='ocrx_word' id='word_1_88' title='bbox 1174 2352 1361 2418; x_wconf 87' lang='lat' dir='ltr'><strong>neternosns</strong></span> 
     </span>
     <span class='ocr_line' id='line_1_15' title="bbox 234 2452 1363 2539; baseline 0.002 -22"><span class='ocrx_word' id='word_1_89' title='bbox 234 2453 342 2537; x_wconf 88' lang='lat' dir='ltr'><strong>ntique</strong></span> <span class='ocrx_word' id='word_1_90' title='bbox 358 2455 477 2537; x_wconf 76' lang='lat' dir='ltr'><strong>anguis,</strong></span> <span class='ocrx_word' id='word_1_91' title='bbox 493 2452 635 2519; x_wconf 89' lang='lat' dir='ltr'><strong>trisulois</strong></span> <span class='ocrx_word' id='word_1_92' title='bbox 650 2452 775 2537; x_wconf 81' lang='lat' dir='ltr'><strong>linguae</strong></span> <span class='ocrx_word' id='word_1_93' title='bbox 794 2471 913 2519; x_wconf 89' lang='lat' dir='ltr'><strong>uenena</strong></span> <span class='ocrx_word' id='word_1_94' title='bbox 927 2454 1064 2535; x_wconf 83' lang='lat' dir='ltr'><strong>uibrans,</strong></span> <span class='ocrx_word' id='word_1_95' title='bbox 1082 2452 1188 2539; x_wconf 74' lang='lat' dir='ltr'><strong>cyrila</strong></span> <span class='ocrx_word' id='word_1_96' title='bbox 1203 2454 1363 2538; x_wconf 88' lang='lat' dir='ltr'><strong>quondam</strong></span> 
     </span>
     <span class='ocr_line' id='line_1_16' title="bbox 235 2554 1362 2642; baseline 0 -21"><span class='ocrx_word' id='word_1_97' title='bbox 235 2554 521 2621; x_wconf 79' lang='lat' dir='ltr'><strong>Arriomanitarum</strong></span> <span class='ocrx_word' id='word_1_98' title='bbox 544 2556 686 2641; x_wconf 82' lang='lat' dir='ltr'><strong>episeopo</strong></span> <span class='ocrx_word' id='word_1_99' title='bbox 708 2556 853 2623; x_wconf 85' lang='lat' dir='ltr'><strong>ministro</strong></span> <span class='ocrx_word' id='word_1_100' title='bbox 869 2575 944 2621; x_wconf 88' lang='lat' dir='ltr'><strong>usus</strong></span> <span class='ocrx_word' id='word_1_101' title='bbox 961 2558 1020 2642; x_wconf 86' lang='lat' dir='ltr'><strong>est,</strong></span> <span class='ocrx_word' id='word_1_102' title='bbox 1042 2557 1228 2623; x_wconf 88' lang='lat' dir='ltr'><strong>subuertens</strong></span> <span class='ocrx_word' id='word_1_103' title='bbox 1250 2560 1282 2622; x_wconf 91' lang='lat' dir='ltr'><strong>et</strong></span> <span class='ocrx_word' id='word_1_104' title='bbox 1305 2557 1362 2623; x_wconf 89' lang='lat' dir='ltr'><strong>ob-</strong></span> 
     </span>
     <span class='ocr_line' id='line_1_17' title="bbox 234 2658 1360 2743; baseline 0.001 -20"><span class='ocrx_word' id='word_1_105' title='bbox 234 2658 338 2724; x_wconf 86' lang='lat' dir='ltr'><strong>tinens</strong></span> <span class='ocrx_word' id='word_1_106' title='bbox 361 2661 499 2724; x_wconf 88' lang='lat' dir='ltr'><strong>animum</strong></span> <span class='ocrx_word' id='word_1_107' title='bbox 520 2660 602 2743; x_wconf 80' lang='lat' dir='ltr'><strong>regis</strong></span> <span class='ocrx_word' id='word_1_108' title='bbox 625 2659 761 2737; x_wconf 79' lang='lat' dir='ltr'><strong>ornanti,</strong></span> <span class='ocrx_word' id='word_1_109' title='bbox 789 2660 826 2724; x_wconf 91' lang='lat' dir='ltr'><strong>ut</strong></span> <span class='ocrx_word' id='word_1_110' title='bbox 847 2660 895 2725; x_wconf 89' lang='lat' dir='ltr'><strong>ita</strong></span> <span class='ocrx_word' id='word_1_111' title='bbox 916 2664 1067 2742; x_wconf 87' lang='lat' dir='ltr'><strong>suaderet,</strong></span> <span class='ocrx_word' id='word_1_112' title='bbox 1090 2678 1150 2726; x_wconf 92' lang='lat' dir='ltr'><strong>non</strong></span> <span class='ocrx_word' id='word_1_113' title='bbox 1174 2678 1265 2742; x_wconf 90' lang='lat' dir='ltr'><strong>posse</strong></span> <span class='ocrx_word' id='word_1_114' title='bbox 1287 2678 1360 2725; x_wconf 91' lang='lat' dir='ltr'><strong>enm</strong></span> 
     </span>
     <span class='ocr_line' id='line_1_18' title="bbox 233 2762 1393 2848; baseline 0 -23"><span class='ocrx_word' id='word_1_115' title='bbox 233 2765 378 2846; x_wconf 79' lang='lat' dir='ltr'><strong>pacatum</strong></span> <span class='ocrx_word' id='word_1_116' title='bbox 389 2764 483 2848; x_wconf 88' lang='lat' dir='ltr'><strong>atque</strong></span> <span class='ocrx_word' id='word_1_117' title='bbox 498 2762 685 2847; x_wconf 83' lang='lat' dir='ltr'><strong>longaeuum</strong></span> <span class='ocrx_word' id='word_1_118' title='bbox 701 2762 839 2827; x_wconf 90' lang='lat' dir='ltr'><strong>obtinere</strong></span> <span class='ocrx_word' id='word_1_119' title='bbox 855 2780 995 2848; x_wconf 84' lang='lat' dir='ltr'><strong>regnum,</strong></span> <span class='ocrx_word' id='word_1_120' title='bbox 1011 2763 1073 2828; x_wconf 90' lang='lat' dir='ltr'><strong>nisi</strong></span> <span class='ocrx_word' id='word_1_121' title='bbox 1089 2781 1201 2828; x_wconf 89' lang='lat' dir='ltr'><strong>nomon</strong></span> <span class='ocrx_word' id='word_1_122' title='bbox 1216 2763 1360 2846; x_wconf 85' lang='lat' dir='ltr'><strong>perderet</strong></span> <span class='ocrx_word' id='word_1_123' title='bbox 1370 2784 1393 2825; x_wconf 77' lang='lat' dir='ltr'><strong>a</strong></span> 
     </span>
     <span class='ocr_line' id='line_1_19' title="bbox 233 2861 1358 2947; baseline 0.003 -19"><span class='ocrx_word' id='word_1_124' title='bbox 233 2862 442 2929; x_wconf 80' lang='lat' dir='ltr'><strong>innocentum.</strong></span> <span class='ocrx_word' id='word_1_125' title='bbox 476 2861 536 2943; x_wconf 84' lang='lat' dir='ltr'><strong>Qui</strong></span> <span class='ocrx_word' id='word_1_126' title='bbox 558 2866 664 2929; x_wconf 88' lang='lat' dir='ltr'><strong>tamen</strong></span> <span class='ocrx_word' id='word_1_127' title='bbox 682 2864 732 2930; x_wconf 87' lang='lat' dir='ltr'><strong>dei</strong></span> <span class='ocrx_word' id='word_1_128' title='bbox 758 2864 872 2930; x_wconf 89' lang='lat' dir='ltr'><strong>iudioio</strong></span> <span class='ocrx_word' id='word_1_129' title='bbox 895 2870 965 2947; x_wconf 89' lang='lat' dir='ltr'><strong>post</strong></span> <span class='ocrx_word' id='word_1_130' title='bbox 987 2884 1048 2930; x_wconf 92' lang='lat' dir='ltr'><strong>uon</strong></span> <span class='ocrx_word' id='word_1_131' title='bbox 1070 2865 1266 2932; x_wconf 85' lang='lat' dir='ltr'><strong>multosdies</strong></span> <span class='ocrx_word' id='word_1_132' title='bbox 1289 2866 1358 2931; x_wconf 91' lang='lat' dir='ltr'><strong>tur·</strong></span> 
     </span>
    </p>

    <p class='ocr_par' dir='ltr' id='par_1_7' title="bbox 205 2966 1392 3465">
     <span class='ocr_line' id='line_1_20' title="bbox 205 2966 1359 3051; baseline -0.003 -14"><span class='ocrx_word' id='word_1_133' title='bbox 205 2972 226 3037; x_wconf 82' lang='lat'><strong>3</strong></span> <span class='ocrx_word' id='word_1_134' title='bbox 234 2966 365 3049; x_wconf 86' lang='lat' dir='ltr'><strong>pissima</strong></span> <span class='ocrx_word' id='word_1_135' title='bbox 378 2969 479 3031; x_wconf 86' lang='lat' dir='ltr'><strong>morte</strong></span> <span class='ocrx_word' id='word_1_136' title='bbox 493 2969 681 3051; x_wconf 89' lang='lat' dir='ltr'><strong>praeuentus</strong></span> <span class='ocrx_word' id='word_1_137' title='bbox 695 2970 822 3033; x_wconf 79' lang='lat' dir='ltr'><strong>sentens</strong></span> <span class='ocrx_word' id='word_1_138' title='bbox 837 2967 997 3033; x_wconf 90' lang='lat' dir='ltr'><strong>uermibus</strong></span> <span class='ocrx_word' id='word_1_139' title='bbox 1012 2968 1190 3051; x_wconf 77' lang='lat' dir='ltr'><strong>exspirauit.</strong></span> <span class='ocrx_word' id='word_1_140' title='bbox 1207 2968 1359 3033; x_wconf 88' lang='lat' dir='ltr'><strong>Inseoiari</strong></span> 
     </span>
     <span class='ocr_line' id='line_1_21' title="bbox 235 3068 1359 3156; baseline 0.005 -23"><span class='ocrx_word' id='word_1_141' title='bbox 235 3068 338 3152; x_wconf 85' lang='lat' dir='ltr'><strong>eoepit</strong></span> <span class='ocrx_word' id='word_1_142' title='bbox 363 3085 415 3133; x_wconf 83' lang='lat' dir='ltr'><strong>ore</strong></span> <span class='ocrx_word' id='word_1_143' title='bbox 443 3074 571 3135; x_wconf 79' lang='lat' dir='ltr'><strong>muento</strong></span> <span class='ocrx_word' id='word_1_144' title='bbox 598 3089 723 3137; x_wconf 89' lang='lat' dir='ltr'><strong>omnem</strong></span> <span class='ocrx_word' id='word_1_145' title='bbox 750 3068 972 3137; x_wconf 81' lang='lat' dir='ltr'><strong>natholioorum</strong></span> <span class='ocrx_word' id='word_1_146' title='bbox 997 3070 1251 3149; x_wconf 81' lang='lat' dir='ltr'><strong>multitudinem,</strong></span> <span class='ocrx_word' id='word_1_147' title='bbox 1280 3090 1359 3156; x_wconf 80' lang='lat' dir='ltr'><strong>quae</strong></span> 
     </span>
     <span class='ocr_line' id='line_1_22' title="bbox 234 3174 1358 3258; baseline 0.004 -23"><span class='ocrx_word' id='word_1_148' title='bbox 234 3188 290 3253; x_wconf 88' lang='lat' dir='ltr'><strong>per</strong></span> <span class='ocrx_word' id='word_1_149' title='bbox 310 3174 410 3237; x_wconf 84' lang='lat' dir='ltr'><strong>totam</strong></span> <span class='ocrx_word' id='word_1_150' title='bbox 431 3174 622 3256; x_wconf 86' lang='lat' dir='ltr'><strong>prouinoiam</strong></span> <span class='ocrx_word' id='word_1_151' title='bbox 637 3174 820 3239; x_wconf 78' lang='lat' dir='ltr'><strong>Africanam</strong></span> <span class='ocrx_word' id='word_1_152' title='bbox 842 3174 877 3239; x_wconf 91' lang='lat' dir='ltr'><strong>in</strong></span> <span class='ocrx_word' id='word_1_153' title='bbox 898 3174 1038 3252; x_wconf 88' lang='lat' dir='ltr'><strong>modum,</strong></span> <span class='ocrx_word' id='word_1_154' title='bbox 1060 3175 1143 3241; x_wconf 85' lang='lat' dir='ltr'><strong>siout</strong></span> <span class='ocrx_word' id='word_1_155' title='bbox 1165 3175 1358 3258; x_wconf 77' lang='lat' dir='ltr'><strong>praedictum</strong></span> 
     </span>
     <span class='ocr_line' id='line_1_23' title="bbox 234 3272 1392 3361; baseline 0 -22"><span class='ocrx_word' id='word_1_156' title='bbox 234 3277 283 3340; x_wconf 88' lang='lat' dir='ltr'><strong>est</strong></span> <span class='ocrx_word' id='word_1_157' title='bbox 304 3272 451 3341; x_wconf 83' lang='lat' dir='ltr'><strong>Abrahae</strong></span> <span class='ocrx_word' id='word_1_158' title='bbox 478 3276 686 3358; x_wconf 77' lang='lat' dir='ltr'><strong>patriarchae,</strong></span> <span class='ocrx_word' id='word_1_159' title='bbox 721 3276 854 3343; x_wconf 89' lang='lat' dir='ltr'><strong>harenae</strong></span> <span class='ocrx_word' id='word_1_160' title='bbox 884 3278 979 3344; x_wconf 87' lang='lat' dir='ltr'><strong>marie</strong></span> <span class='ocrx_word' id='word_1_161' title='bbox 1008 3278 1111 3344; x_wconf 82' lang='lat' dir='ltr'><strong>inerat</strong></span> <span class='ocrx_word' id='word_1_162' title='bbox 1138 3278 1392 3361; x_wconf 60' lang='lat' dir='ltr'><strong>multiplicatas·</strong></span> 
     </span>
     <span class='ocr_line' id='line_1_24' title="bbox 235 3379 1358 3465; baseline 0.003 -22"><span class='ocrx_word' id='word_1_163' title='bbox 235 3379 270 3443; x_wconf 89' lang='lat' dir='ltr'><strong>nt</strong></span> <span class='ocrx_word' id='word_1_164' title='bbox 297 3396 365 3442; x_wconf 87' lang='lat' dir='ltr'><strong>eam</strong></span> <span class='ocrx_word' id='word_1_165' title='bbox 391 3379 642 3460; x_wconf 76' lang='lat' dir='ltr'><strong>rebaptizationis</strong></span> <span class='ocrx_word' id='word_1_166' title='bbox 665 3379 821 3445; x_wconf 80' lang='lat' dir='ltr'><strong>sauciaret</strong></span> <span class='ocrx_word' id='word_1_167' title='bbox 843 3382 985 3448; x_wconf 81' lang='lat' dir='ltr'><strong>meahare</strong></span> <span class='ocrx_word' id='word_1_168' title='bbox 1007 3388 1100 3465; x_wconf 87' lang='lat' dir='ltr'><strong>atque</strong></span> <span class='ocrx_word' id='word_1_169' title='bbox 1123 3382 1237 3447; x_wconf 88' lang='lat' dir='ltr'><strong>stolam</strong></span> <span class='ocrx_word' id='word_1_170' title='bbox 1268 3380 1358 3447; x_wconf 87' lang='lat' dir='ltr'><strong>illam</strong></span> 
     </span>
    </p>
   </div>
   <div class='ocr_carea' id='block_1_7' title="bbox 232 3582 1358 4342">
    <p class='ocr_par' dir='ltr' id='par_1_8' title="bbox 232 3582 1358 4342">
     <span class='ocr_line' id='line_1_25' title="bbox 283 3582 1358 3656; baseline 0.002 -19"><span class='ocrx_word' id='word_1_171' title='bbox 283 3582 488 3651; x_wconf 72' lang='lat' dir='ltr'><strong>4tmhnmphos</strong></span> <span class='ocrx_word' id='word_1_172' title='bbox 506 3584 534 3639; x_wconf 90' lang='lat' dir='ltr'><strong><em>P</em></strong></span> <span class='ocrx_word' id='word_1_173' title='bbox 627 3585 773 3655; x_wconf 77' lang='lat' dir='ltr'><strong>mertiryrn</strong></span> <span class='ocrx_word' id='word_1_174' title='bbox 796 3586 830 3641; x_wconf 99' lang='lat' dir='ltr'><strong><em>W</em></strong></span> <span class='ocrx_word' id='word_1_175' title='bbox 926 3585 1068 3656; x_wconf 78' lang='lat' dir='ltr'><strong>ietenim]</strong></span> <span class='ocrx_word' id='word_1_176' title='bbox 1087 3584 1192 3640; x_wconf 84' lang='lat' dir='ltr'><strong>adonim</strong></span> <span class='ocrx_word' id='word_1_177' title='bbox 1214 3586 1250 3641; x_wconf 95' lang='lat' dir='ltr'><strong><em>W</em></strong></span> <span class='ocrx_word' id='word_1_178' title='bbox 1275 3585 1358 3639; x_wconf 81' lang='lat' dir='ltr'><strong>etiam</strong></span> 
     </span>
     <span class='ocr_line' id='line_1_26' title="bbox 234 3668 1291 3739; baseline 0.003 -16"><span class='ocrx_word' id='word_1_179' title='bbox 234 3669 263 3723; x_wconf 91' lang='lat' dir='ltr'><strong><em>P</em></strong></span> <span class='ocrx_word' id='word_1_180' title='bbox 350 3668 383 3723; x_wconf 88' lang='lat'><strong>10</strong></span> <span class='ocrx_word' id='word_1_181' title='bbox 393 3671 475 3737; x_wconf 84' lang='lat' dir='ltr'><strong>atque</strong></span> <span class='ocrx_word' id='word_1_182' title='bbox 485 3669 641 3739; x_wconf 82' lang='lat' dir='ltr'><strong>impiissimi</strong></span> <span class='ocrx_word' id='word_1_183' title='bbox 659 3688 710 3726; x_wconf 71' lang='lat' dir='ltr'><strong>ora</strong></span> <span class='ocrx_word' id='word_1_184' title='bbox 729 3673 760 3725; x_wconf 92' lang='lat' dir='ltr'><strong><em>W</em></strong></span> <span class='ocrx_word' id='word_1_185' title='bbox 846 3672 876 3727; x_wconf 91' lang='lat'><strong>11</strong></span> <span class='ocrx_word' id='word_1_186' title='bbox 895 3670 1017 3726; x_wconf 79' lang='lat' dir='ltr'><strong>hunerici</strong></span> <span class='ocrx_word' id='word_1_187' title='bbox 1035 3672 1104 3739; x_wconf 65' lang='lat' dir='ltr'><strong>pao</strong></span> <span class='ocrx_word' id='word_1_188' title='bbox 1129 3668 1246 3726; x_wconf 83' lang='lat' dir='ltr'><strong>honiriei</strong></span> <span class='ocrx_word' id='word_1_189' title='bbox 1263 3671 1291 3726; x_wconf 91' lang='lat' dir='ltr'><strong><em>P</em></strong></span> 
     </span>
     <span class='ocr_line' id='line_1_27' title="bbox 233 3753 1290 3827; baseline 0.002 -18"><span class='ocrx_word' id='word_1_190' title='bbox 233 3754 319 3809; x_wconf 76' lang='lat' dir='ltr'><strong>hostis</strong></span> <span class='ocrx_word' id='word_1_191' title='bbox 337 3753 464 3823; x_wconf 83' lang='lat' dir='ltr'><strong>antiquus</strong></span> <span class='ocrx_word' id='word_1_192' title='bbox 482 3772 500 3809; x_wconf 82' lang='lat' dir='ltr'><strong><em>a</em></strong></span> <span class='ocrx_word' id='word_1_193' title='bbox 602 3761 729 3812; x_wconf 84' lang='lat' dir='ltr'><strong>notemus</strong></span> <span class='ocrx_word' id='word_1_194' title='bbox 752 3756 791 3813; x_wconf 87' lang='lat' dir='ltr'><strong><em>W</em></strong></span> <span class='ocrx_word' id='word_1_195' title='bbox 901 3758 933 3813; x_wconf 82' lang='lat'><strong>12</strong></span> <span class='ocrx_word' id='word_1_196' title='bbox 959 3758 1066 3813; x_wconf 75' lang='lat' dir='ltr'><strong>trisulci</strong></span> <span class='ocrx_word' id='word_1_197' title='bbox 1092 3757 1187 3826; x_wconf 75' lang='lat' dir='ltr'><strong>lingua</strong></span> <span class='ocrx_word' id='word_1_198' title='bbox 1211 3758 1290 3827; x_wconf 60' lang='grc' dir='ltr'><strong>ΜΨ</strong></span> 
     </span>
     <span class='ocr_line' id='line_1_28' title="bbox 233 3839 1358 3911; baseline 0.002 -18"><span class='ocrx_word' id='word_1_199' title='bbox 233 3839 335 3893; x_wconf 81' lang='lat' dir='ltr'><strong>librans</strong></span> <span class='ocrx_word' id='word_1_200' title='bbox 358 3840 397 3894; x_wconf 89' lang='lat' dir='ltr'><strong><em>W</em></strong></span> <span class='ocrx_word' id='word_1_201' title='bbox 495 3841 590 3897; x_wconf 79' lang='lat' dir='ltr'><strong>ohirih</strong></span> <span class='ocrx_word' id='word_1_202' title='bbox 614 3841 734 3898; x_wconf 82' lang='lat' dir='ltr'><strong>BVOeL</strong></span> <span class='ocrx_word' id='word_1_203' title='bbox 761 3842 846 3897; x_wconf 78' lang='lat' dir='ltr'><strong>cirilla</strong></span> <span class='ocrx_word' id='word_1_204' title='bbox 868 3842 905 3897; x_wconf 81' lang='grc' dir='ltr'><em>Μ</em></span> <span class='ocrx_word' id='word_1_205' title='bbox 930 3842 1026 3911; x_wconf 78' lang='lat' dir='ltr'><strong>cyrilla</strong></span> <span class='ocrx_word' id='word_1_206' title='bbox 1047 3858 1067 3896; x_wconf 82' lang='lat' dir='ltr'><strong>a</strong></span> <span class='ocrx_word' id='word_1_207' title='bbox 1170 3840 1303 3911; x_wconf 73' lang='lat' dir='ltr'><strong>quondam</strong></span> <span class='ocrx_word' id='word_1_208' title='bbox 1325 3840 1358 3895; x_wconf 78' lang='lat' dir='ltr'><strong>V‘</strong></span> 
     </span>
     <span class='ocr_line' id='line_1_29' title="bbox 233 3925 1358 3996; baseline 0 -15"><span class='ocrx_word' id='word_1_209' title='bbox 233 3925 316 3981; x_wconf 79' lang='lat' dir='ltr'><strong>GMe:</strong></span> <span class='ocrx_word' id='word_1_210' title='bbox 343 3926 476 3995; x_wconf 76' lang='lat' dir='ltr'><strong>quendam</strong></span> <span class='ocrx_word' id='word_1_211' title='bbox 494 3925 590 3985; x_wconf 84' lang='lat' dir='ltr'><em>BV¹R</em></span> <span class='ocrx_word' id='word_1_212' title='bbox 615 3926 730 3995; x_wconf 79' lang='lat' dir='ltr'><strong>quedam</strong></span> <span class='ocrx_word' id='word_1_213' title='bbox 747 3928 776 3982; x_wconf 92' lang='lat' dir='ltr'><strong><em>P</em></strong></span> <span class='ocrx_word' id='word_1_214' title='bbox 801 3927 916 3996; x_wconf 78' lang='lat' dir='ltr'><strong>quodam</strong></span> <span class='ocrx_word' id='word_1_215' title='bbox 942 3926 1039 3983; x_wconf 82' lang='lat' dir='ltr'><strong>Wano</strong></span> <span class='ocrx_word' id='word_1_216' title='bbox 1141 3926 1175 3981; x_wconf 79' lang='lat'><strong>13</strong></span> <span class='ocrx_word' id='word_1_217' title='bbox 1192 3926 1358 3981; x_wconf 80' lang='lat' dir='ltr'><strong>aririonrani-</strong></span> 
     </span>
     <span class='ocr_line' id='line_1_30' title="bbox 232 4011 1290 4083; baseline 0.003 -17"><span class='ocrx_word' id='word_1_218' title='bbox 232 4015 322 4066; x_wconf 80' lang='lat' dir='ltr'><strong>tarnm</strong></span> <span class='ocrx_word' id='word_1_219' title='bbox 338 4011 377 4067; x_wconf 87' lang='lat' dir='ltr'><strong><em>W</em></strong></span> <span class='ocrx_word' id='word_1_220' title='bbox 400 4011 590 4066; x_wconf 72' lang='lat' dir='ltr'><strong>arrianitrrnm</strong></span> <span class='ocrx_word' id='word_1_221' title='bbox 603 4012 686 4068; x_wconf 73' lang='lat' dir='ltr'><strong>Pon</strong></span> <span class='ocrx_word' id='word_1_222' title='bbox 711 4011 880 4067; x_wconf 82' lang='lat' dir='ltr'><strong>arrianorum</strong></span> <span class='ocrx_word' id='word_1_223' title='bbox 892 4030 911 4067; x_wconf 82' lang='lat' dir='ltr'><strong>a</strong></span> <span class='ocrx_word' id='word_1_224' title='bbox 998 4013 1150 4083; x_wconf 82' lang='lat' dir='ltr'><strong>episeopnm</strong></span> <span class='ocrx_word' id='word_1_225' title='bbox 1168 4012 1290 4069; x_wconf 83' lang='lat' dir='ltr'><strong><em>BV¹PR</em></strong></span> 
     </span>
     <span class='ocr_line' id='line_1_31' title="bbox 233 4096 1358 4169; baseline 0.001 -18"><span class='ocrx_word' id='word_1_226' title='bbox 233 4096 357 4166; x_wconf 82' lang='lat' dir='ltr'><strong>optinens</strong></span> <span class='ocrx_word' id='word_1_227' title='bbox 373 4096 439 4152; x_wconf 79' lang='lat' dir='ltr'><strong>V‘sa</strong></span> <span class='ocrx_word' id='word_1_228' title='bbox 534 4097 567 4153; x_wconf 80' lang='lat'><strong>14</strong></span> <span class='ocrx_word' id='word_1_229' title='bbox 584 4099 624 4152; x_wconf 76' lang='lat' dir='ltr'><strong>ita</strong></span> <span class='ocrx_word' id='word_1_230' title='bbox 641 4104 674 4153; x_wconf 92' lang='lat' dir='ltr'><strong>nt</strong></span> <span class='ocrx_word' id='word_1_231' title='bbox 691 4097 750 4153; x_wconf 76' lang='lat' dir='ltr'><strong>Me&#39;</strong></span> <span class='ocrx_word' id='word_1_232' title='bbox 847 4100 878 4153; x_wconf 82' lang='lat'><strong>15</strong></span> <span class='ocrx_word' id='word_1_233' title='bbox 897 4099 1017 4169; x_wconf 86' lang='lat' dir='ltr'><strong>optinere</strong></span> <span class='ocrx_word' id='word_1_234' title='bbox 1039 4099 1137 4155; x_wconf 78' lang='lat' dir='ltr'><strong>V‘aPt</strong></span> <span class='ocrx_word' id='word_1_235' title='bbox 1235 4098 1265 4153; x_wconf 82' lang='lat' dir='ltr'><strong>l&#39;i</strong></span> <span class='ocrx_word' id='word_1_236' title='bbox 1283 4113 1358 4168; x_wconf 79' lang='lat' dir='ltr'><strong>prae·</strong></span> 
     </span>
     <span class='ocr_line' id='line_1_32' title="bbox 233 4182 1289 4256; baseline 0.002 -19"><span class='ocrx_word' id='word_1_237' title='bbox 233 4183 342 4237; x_wconf 86' lang='lat' dir='ltr'><strong>nenitnr</strong></span> <span class='ocrx_word' id='word_1_238' title='bbox 367 4182 384 4236; x_wconf 82' lang='lat' dir='ltr'><strong>t</strong></span> <span class='ocrx_word' id='word_1_239' title='bbox 485 4184 618 4253; x_wconf 83' lang='lat' dir='ltr'><strong>expiranit</strong></span> <span class='ocrx_word' id='word_1_240' title='bbox 647 4184 746 4256; x_wconf 66' lang='lat' dir='ltr'><strong>WaLp</strong></span> <span class='ocrx_word' id='word_1_241' title='bbox 858 4186 893 4241; x_wconf 79' lang='grc'><strong>20</strong></span> <span class='ocrx_word' id='word_1_242' title='bbox 919 4185 1037 4255; x_wconf 78' lang='lat' dir='ltr'><strong>habrahe</strong></span> <span class='ocrx_word' id='word_1_243' title='bbox 1060 4186 1121 4242; x_wconf 84' lang='lat' dir='ltr'><strong>VOs</strong></span> <span class='ocrx_word' id='word_1_244' title='bbox 1147 4185 1246 4255; x_wconf 79' lang='lat' dir='ltr'><strong>hobrpe</strong></span> <span class='ocrx_word' id='word_1_245' title='bbox 1270 4202 1289 4239; x_wconf 84' lang='lat' dir='ltr'><strong>a</strong></span> 
     </span>
     <span class='ocr_line' id='line_1_33' title="bbox 234 4266 1304 4342; baseline 0.002 -19"><span class='ocrx_word' id='word_1_246' title='bbox 234 4266 369 4339; x_wconf 78' lang='lat' dir='ltr'><strong>putriaroe</strong></span> <span class='ocrx_word' id='word_1_247' title='bbox 385 4285 404 4321; x_wconf 87' lang='lat' dir='ltr'><strong>a</strong></span> <span class='ocrx_word' id='word_1_248' title='bbox 489 4285 584 4323; x_wconf 81' lang='lat' dir='ltr'><strong>arenae</strong></span> <span class='ocrx_word' id='word_1_249' title='bbox 599 4270 689 4325; x_wconf 86' lang='lat' dir='ltr'><strong>WPL</strong></span> <span class='ocrx_word' id='word_1_250' title='bbox 775 4273 808 4327; x_wconf 79' lang='lat'><strong>21</strong></span> <span class='ocrx_word' id='word_1_251' title='bbox 828 4273 895 4342; x_wconf 83' lang='lat' dir='ltr'><strong>eam]</strong></span> <span class='ocrx_word' id='word_1_252' title='bbox 915 4272 997 4327; x_wconf 83' lang='lat' dir='ltr'><strong>etiam</strong></span> <span class='ocrx_word' id='word_1_253' title='bbox 1014 4272 1067 4327; x_wconf 87' lang='lat' dir='ltr'><strong>PR</strong></span> <span class='ocrx_word' id='word_1_254' title='bbox 1154 4271 1304 4328; x_wconf 81' lang='lat' dir='ltr'><strong>sauciaret</strong></span> 
     </span>
    </p>
   </div>
   <div class='ocr_carea' id='block_1_8' title="bbox 0 0 1500 4967">
    <p class='ocr_par' dir='ltr' id='par_1_9' title="bbox 0 0 1500 4967">
     <span class='ocr_line' id='line_1_34' title="bbox 0 0 1500 4967; baseline 0 2"><span class='ocrx_word' id='word_1_255' title='bbox 0 0 1500 4967; x_wconf 95' lang='lat' dir='ltr'><strong> </strong></span> 
     </span>
    </p>
   </div>
  </div>
 </body>
</html>
