2992 4967
286 333 412 381 xxxxu

287 502 388 569 lorum
419 503 519 567 inetur
547 502 623 567 olibi
651 504 733 566 recte
757 500 896 583 occipere
919 501 1100 567 didicerant.
1136 518 1235 582 neque
1257 516 1331 565 uero
1353 500 1417 564 mi·

286 607 419 671 rendum
443 609 491 671 eet
513 606 588 671 haec
609 606 724 671 mendo
746 622 806 671 non
821 603 853 670 in
871 604 1015 683 omnibus
1037 604 1125 669 libris
1141 604 1250 669 ecdem
1267 622 1417 687 apparere

286 713 343 776 aut
358 725 417 792 quo
434 708 563 792 quisque
580 727 684 774 eorum
702 714 750 774 oet
763 708 918 773 recentior
934 727 970 773 eo
985 709 1102 772 rariore
1118 707 1314 791 deprehendi.
1338 708 1420 773 talia

287 813 370 877 enim
393 810 485 877 focile
508 812 622 877 euitari
645 816 699 877 cut
717 812 743 875 si
759 810 856 877 semel
871 810 1038 876 commisse
1058 814 1156 885 erent,
1174 810 1241 875 sine
1263 810 1417 895 integrio-

286 914 330 980 rie
367 915 481 980 codicis
518 915 632 980 auxilio
669 915 757 980 nullo
792 914 917 999 negotio
947 914 1017 978 tolli
1047 915 1225 996 potuerunt.
1263 913 1417 977 nonnulle

287 1021 392 1083 temen
416 1036 494 1099 quae
516 1036 623 1083 omnes
651 1018 750 1083 libros
772 1021 1003 1100 occupauerunt
1024 1018 1160 1082 nondum
1185 1018 1309 1083 sublate
1331 1022 1415 1098 sunt,

287 1124 325 1188 de
348 1120 460 1203 quibus
483 1119 589 1203 paucis
611 1120 791 1204 disputeb03
815 1123 890 1186 eunt
917 1140 990 1186 uero
1012 1121 1046 1185 in
1069 1138 1103 1185 co
1125 1139 1256 1187 numero
1279 1140 1359 1203 quae
1383 1122 1416 1187 in

288 1223 495 1306 St(udiorum)
513 1223 828 1306 V(indobonensium)
842 1224 863 1305 ¹)
883 1224 1041 1289 uolumine
1052 1224 1151 1289 altero
1164 1229 1194 1289 et
1206 1226 1301 1290 tertio
1317 1224 1420 1291 fusius

288 1329 351 1393 ism
375 1328 520 1405 trectnui,
543 1328 583 1393 cd
605 1346 683 1411 quoe
706 1328 844 1395 breuiter
858 1327 990 1412 relegari
1005 1329 1154 1411 poterunt
1168 1328 1317 1413 legentes,
1341 1332 1419 1394 eunt

288 1430 384 1497 etiem
413 1450 491 1513 quae
520 1431 566 1496 ibi
593 1432 701 1497 autin
725 1432 807 1497 notis
827 1450 846 1497 o
869 1452 918 1497 me
939 1434 1095 1515 proposito
1124 1432 1291 1497 retrectare
1315 1450 1419 1515 cogor.

289 1534 334 1599 sic
354 1534 554 1599 scribendum
577 1540 641 1602 eet:

182 1677 268 1745 ⁰10⁸?
333 1656 384 1736 66,
407 1655 450 1719 22
477 1656 531 1719 deo
557 1656 699 1738 penitae,
730 1655 808 1736 pnin
835 1654 974 1736 felicitae
1000 1658 1108 1719 nestra
1136 1656 1254 1720 notioris
1281 1656 1420 1740 eripitur

140 1747 183 1846 {2¹¹}
196 1746 268 1847 „⁶ss0ss
289 1762 385 1822 ancta
407 1758 602 1837 snccessibns,
625 1757 708 1839 qnod
725 1757 849 1821 tumida
871 1757 1074 1822 inimicorum
1090 1758 1198 1823 ceretio
1214 1757 1342 1825 otreio
1363 1759 1419 1824 deo

176 1884 246 1915 auur·
289 1864 394 1925 nostro
421 1864 498 1945 (non
521 1861 619 1944 codd.)
641 1865 781 1945 pinnata
802 1860 973 1924 succumbit
998 1860 1050 1942 (cf.
1068 1860 1113 1927 st.
1130 1861 1167 1925 V.
1184 1863 1318 1944 11248).
1342 1863 1417 1941 246,

289 1964 366 2028 3nt
396 1962 521 2030 Gieristo
550 1963 604 2028 deo
637 1968 741 2028 nostro
780 1963 869 2046 (nino
893 1962 993 2044 codd)
1029 1963 1210 2044 disponente
1242 1964 1420 2031 reducaris.

289 2068 362 2145 255,
385 2068 407 2131 5
427 2068 551 2149 pretias
581 2066 793 2148 inseparabili
821 2065 963 2129 trinitati
988 2066 1043 2131 deo
1064 2072 1169 2131 nostro
1194 2070 1419 2153 (uerenda).

289 2170 372 2235 idem
401 2170 590 2234 attributum
619 2170 741 2251 saepius
771 2172 804 2235 et
827 2168 952 2235 Otr-rista
983 2171 1014 2235 et
1042 2170 1185 2234 trinitati
1207 2172 1351 2249 adicitur,
1384 2177 1420 2237 ut

289 2273 361 2352 247,
383 2273 425 2337 26
448 2272 573 2339 Christo
588 2273 643 2337 deo
659 2278 775 2351 nostro,
799 2276 868 2351 181,
888 2277 915 2338 1.
932 2272 1005 2353 235,
1022 2275 1063 2338 22
1081 2272 1200 2340 Christi
1215 2275 1327 2351 nostri,
1343 2274 1419 2357 221,

288 2375 339 2440 20.
368 2376 441 2451 244,
464 2378 493 2441 6.
523 2375 597 2452 384,
620 2375 662 2440 24
689 2376 830 2439 trinitati
852 2368 1032 2441 deo'nostro
1053 2378 1178 2461 legitur.
1216 2383 1322 2442 contra
1346 2378 1419 2455 135,

289 2480 329 2544 28
360 2478 532 2543 Partenins
554 2498 616 2560 per
643 2476 784 2542 liberatis
812 2478 911 2543 stadii
943 2479 1134 2560 disciptinas
1161 2479 1319 2563 inpennns
1348 2484 1420 2547 nait

288 2582 411 2647 nictari:
444 2584 540 2661 optat,
571 2580 609 2644 ni
637 2579 747 2663 failor,
777 2583 898 2661 peculii
928 2583 1028 2648 nestn
1055 2582 1166 2647 trabere
1194 2586 1420 2662 testimoninm,

287 2688 339 2751 ubi
362 2686 432 2751 neri
448 2684 600 2766 proposui,
624 2686 722 2749 nestri
737 2686 903 2751 tenendum
920 2689 977 2752 cst.
1005 2688 1169 2752 Parteniue
1185 2688 1269 2753 enim
1285 2690 1419 2754 Romam

288 2788 481 2870 profecturus
506 2787 623 2853 Fausto
639 2792 883 2867 commendetur,
907 2789 961 2872 qui
976 2791 1041 2855 eius
1056 2790 1160 2858 studia
1174 2792 1316 2872 adiuuet,
1340 2812 1421 2875 quae

289 2910 380 2974 opera
398 2890 512 2957 donum
530 2891 638 2957 Fausti
658 2892 709 2957 uel
725 2892 882 2975 peantium
897 2893 1081 2975 appelletur.
1099 2932 1141 2941 -
1156 2895 1228 2972 204,
1247 2895 1286 2958 12
1303 2916 1418 2976 qnant-

287 2995 339 3058 nis
362 2992 487 3059 (taioni
515 2996 680 3059 institisset
708 2994 851 3076 efficacia
878 2998 907 3059 et
934 3014 1035 3079 snpra
1062 2997 1190 3062 modern
1216 3002 1325 3061 nostra
1349 3000 1421 3082 (nos

287 3098 386 3179 codd.)
406 3098 574 3179 pressisset
595 3098 833 3178 inportunitas,
857 3097 941 3162 nihil
963 3102 1120 3164 communi
1141 3102 1263 3165 actione
1279 3101 1419 3182 profeci·

288 3219 367 3265 rnns.
398 3204 528 3282 uterque
551 3200 669 3265 scilicet
692 3201 724 3265 oi
747 3202 882 3269 Gcicnus
904 3202 937 3264 et
960 3202 1117 3267 Ennodius
1141 3204 1172 3267 in
1196 3205 1334 3288 rogando
1359 3206 1420 3269 im-

288 3307 439 3387 portunus
461 3303 533 3369 fuit.
556 3341 598 3353 -
623 3306 695 3387 181,
718 3302 760 3367 28
782 3303 916 3367 salutati
939 3304 1105 3389 (saintatis
1128 3306 1170 3382 Β,
1191 3305 1310 3370 scintis
1333 3307 1419 3391 rell.)

205 3490 207 3493 Ι
287 3408 426 3491 officiani
440 3407 556 3486 dicens,
581 3407 651 3487 197,
669 3408 687 3471 7
704 3406 869 3487 praefatis
886 3407 1021 3472 salutati
1037 3408 1201 3490 (satietatis
1216 3410 1280 3488 LV,
1303 3410 1422 3475 scintis

288 3512 323 3589 Τ,
347 3512 535 3576 salutationi
556 3513 597 3593 Β)
622 3510 785 3591 obsequiis.
817 3514 856 3575 ci.
879 3512 930 3590 95,
957 3514 1005 3576 16.
1031 3512 1102 3590 113,
1128 3511 1177 3576 14.
1200 3512 1296 3577 etsi.
1322 3514 1363 3578 V.
1386 3514 1421 3578 Il

289 3614 361 3679 253.
384 3650 426 3661 -
452 3614 520 3689 184,
545 3614 565 3679 6
587 3614 719 3678 domino
741 3614 788 3677 mi
811 3614 906 3697 (milii
928 3615 1042 3697 codd).
1084 3615 1157 3697 434,
1184 3615 1202 3677 7
1225 3616 1423 3681 uenerabilis

290 3715 334 3778 eni
360 3716 452 3797 (milii
474 3718 574 3799 codd.)
599 3717 732 3781 antistes
754 3719 787 3782 et
809 3719 896 3785 alibi.
918 3718 956 3783 ci.
980 3717 1025 3783 St.
1051 3718 1087 3783 V.
1111 3718 1240 3783 11229.
1268 3719 1366 3784 etium
1389 3724 1422 3784 iu

289 3818 392 3884 medio
414 3820 565 3886 uocabulo
588 3820 762 3901 simplicem
785 3822 940 3904 syllabam
962 3821 1008 3884 mi
1029 3838 1084 3904 pro
1106 3819 1186 3884 mitri
1208 3839 1274 3887 esee
1296 3822 1422 3888 librarii

290 3922 436 3989 herioleti
458 3926 543 4006 eunt,
567 3926 603 3990 ut
628 3921 699 4009 176,
716 3926 736 3989 3
757 3943 812 4007 pro
825 3926 957 4006 perenni
971 3925 1005 3989 in
1025 3926 1053 3990 B
1070 3925 1241 4007 penninisi
1255 3932 1421 3993 excretum

290 4078 493 4089 -ιι-...-.-..

292 4248 323 4301 W
393 4168 413 4233 ¹)
434 4164 538 4219 Wiener
550 4162 670 4233 Studien,
689 4162 853 4219 Zeitechriit.
869 4165 913 4218 idn
925 4164 1005 4218 lrlaes.
1018 4164 1090 4219 Phil.
1103 4164 1134 4219 11
1147 4166 1244 4232 (1889).
1258 4165 1302 4220 111
1318 4168 1422 4232 (1881).

326 4249 368 4303 ion
387 4250 516 4318 (Gerold).
