2992 4967
292 351 355 419 334
601 382 605 395 ·
649 344 764 419 Magri
780 345 1059 403 Ealiois·Eu'uodi

307 589 311 599 .
335 541 420 607 Illud
448 558 522 606 uero
551 539 713 607 libanium
743 556 810 604 essa
838 556 900 603 non
928 538 1045 615 abnuo,
1074 537 1157 621 quod
1186 535 1367 605 sonatur
1387 538 1417 601 in

293 644 349 711 ilio
370 642 449 709 lueis
471 638 633 725 eorporeae
647 640 738 707 index
752 640 875 707 mimae
889 640 953 705 fuit
964 644 999 707 et
1012 643 1140 706 turtum
1157 644 1266 708 eontra
1279 638 1418 706 studium

293 744 378 811 illios
408 745 528 811 formae
556 745 648 811 iesus
677 744 806 818 enituit.
834 744 872 809 ut
899 761 957 811 nso
984 742 1057 809 forti
1086 743 1153 808 uiro
1186 747 1290 827 pemet
1304 775 1308 785 ·
1324 741 1417 827 obpu-

292 852 407 933 gnuute
428 847 590 913 subuerti.
628 848 773 914 ridebant
793 864 901 931 gente,
934 847 1030 913 etiam
1052 845 1269 913 oumauimus
1290 845 1418 911 maesti·

291 950 400 1016 tudine
422 949 607 1033 torpuissets
630 949 730 1017 nitida
752 948 849 1015 simul
870 948 956 1015 labia
973 948 1234 1016 oonmeniutnnt
1253 947 1417 1033 dupliciter
1434 968 1444 1009 r

292 1052 388 1118 mella
409 1069 597 1129 sermonum,
620 1068 678 1117 nee
694 1069 757 1121 nou
779 1068 973 1136 quonamque
995 1050 1143 1117 uertisset
1164 1053 1280 1129 oeulos,
1304 1050 1418 1117 ameni·

293 1156 392 1221 tatem
414 1156 529 1221 mentis
550 1154 716 1221 nuntiabat
737 1158 895 1239 aspeams:
917 1152 1005 1222 irena
1017 1172 1125 1221 oereae
1145 1152 1370 1238 puluitudiuis
1390 1156 1419 1217 et

292 1258 545 1338 madorisiliios,
562 1276 642 1342 quae
657 1258 732 1324 solis
748 1276 839 1342 passa
853 1258 955 1326 radios
970 1260 1103 1325 eolorem
1117 1259 1212 1325 traxit
1221 1257 1261 1324 ab
1277 1258 1417 1325 aetimrs:

293 1378 383 1427 nares
405 1363 436 1427 in
461 1364 550 1429 tanto
572 1362 757 1429 naturaliter
771 1362 936 1444 splendore
953 1362 1116 1443 formatae,
1139 1360 1262 1426 utilius
1275 1360 1418 1444 nequiret

292 1464 481 1549 imaginibus
519 1482 645 1548 terpora
681 1468 919 1549 repraesentans
940 1465 1057 1547 uiator
1092 1459 1263 1530 aemutari:
1310 1476 1443 1529 mauuso

292 1568 416 1648 teretes,
438 1568 550 1651 pretini
572 1568 674 1653 digiti,
698 1571 736 1635 ue
759 1566 873 1651 quibus
895 1568 1015 1651 aliquid
1035 1572 1067 1633 et
1080 1566 1256 1652 alienigena
1268 1566 1416 1652 gauderet

292 1671 445 1754 aooipem:
461 1672 599 1737 staturae
614 1672 786 1755 prooeritas
799 1671 920 1756 doeens,
943 1689 1022 1754 quae
1036 1669 1239 1737 eminentiam
1253 1674 1415 1737 secuturae

294 1774 457 1859 dignitatis
484 1775 708 1859 praefiguraret
730 1776 763 1841 in
784 1774 936 1840 membris
963 1792 1020 1841 neo
1046 1778 1154 1839 tamen
1175 1773 1307 1840 modum
1328 1788 1415 1837 orua-

293 1877 431 1943 tissimae
453 1879 641 1961 prolixitatis
663 1880 834 1944 ereederot.

336 1996 396 2064 Sed
418 2016 456 2063 ne
478 1999 548 2081 quis
574 1998 705 2064 forsitan
733 1996 910 2064 malitiosus
938 1997 1091 2081 interpres
1121 1996 1343 2079 intempestiue
1363 2005 1441 2076 pot

294 2099 392 2165 situm
413 2101 519 2183 iactet,
536 2102 568 2167 in
584 2102 652 2167 uiro
666 2102 827 2167 tantarum
843 2102 996 2167 uirtutum
1012 2102 1050 2166 de
1064 2102 1169 2187 lepore
1184 2099 1287 2166 onmis
1302 2098 1412 2165 ineam

294 2219 361 2269 esse
393 2204 592 2284 mentionem,
626 2222 697 2270 oum
724 2204 758 2269 in
786 2204 843 2270 illa
869 2204 969 2269 ueteri
994 2204 1213 2270 mandatorum
1236 2200 1412 2268 eoelestium

293 2305 398 2373 radiae
418 2306 626 2385 sit-insitum,
661 2308 855 2373 saeerdotum
883 2322 1011 2389 oorpora
1038 2306 1142 2389 musei
1163 2305 1276 2373 debere
1298 2302 1412 2372 insinu-

293 2408 395 2475 atione
428 2410 566 2494 lustrari,
601 2428 640 2476 ne
669 2412 743 2494 quid
776 2410 878 2478 debile
908 2413 962 2477 uel
994 2410 1142 2491 deforme,
1173 2430 1212 2476 ne
1244 2406 1412 2493 quidplus

294 2511 435 2579 minusue
464 2532 531 2579 esse
559 2515 722 2597 contingat
751 2532 829 2580 neue
857 2515 1003 2581 inolitam
1030 2513 1290 2581 maeuiisoutsm
1311 2522 1439 2593 super-¹·

294 2613 378 2680 floiss
395 2615 496 2683 *foeda
525 2617 697 2698 dedeooret
731 2635 770 2684 ne
792 2620 930 2685 iraotma
950 2636 1062 2684 manus
1092 2620 1147 2683 aut
1168 2618 1310 2684 fractura
1330 2612 1413 2699 pem

294 2718 349 2783 aut
374 2718 495 2803 gibbus·
520 2720 685 2806 indignum
719 2719 871 2790 altaribus
899 2720 1011 2787 reddat
1032 2720 1215 2799 antistitem,
1249 2724 1281 2785 et
1304 2716 1413 2785 elamet

294 2820 400 2887 doator
422 2824 563 2907 gentium
584 2830 617 2890 et
639 2824 799 2892 electionis
822 2842 885 2907 uos,
917 2824 1074 2890 hominem
1096 2824 1250 2889 muudum
1272 2822 1314 2888 sd
1335 2819 1412 2885 eius·

294 2924 378 2989 modi
394 2925 504 2991 debere
518 2926 655 2993 officium
669 2926 842 3011 peruenire,
865 2929 946 3009 quod
961 2944 1022 2992 nou
1036 2928 1140 2993 solum
1154 2928 1192 2992 do
1206 2925 1340 3002 animas,
1363 2918 1412 2986 sed

294 3027 389 3090 otium
410 3029 447 3093 do
470 3030 604 3113 eorporis
628 3028 764 3095 creditur
779 3030 878 3095 nitore
892 3028 1013 3095 dixisse.
1037 3029 1233 3113 potissimum
1249 3030 1302 3112 qui
1316 3024 1437 3093 deror-a

396 3230 428 3286 21
448 3232 482 3285 oi.
502 3232 587 3288 lenit
607 3234 647 3299 18,
665 3233 697 3289 21
708 3248 748 3302 sq.
852 3232 888 3287 23
904 3231 938 3288 oi.
955 3232 1029 3287 Rom.
1050 3230 1125 3297 14,2

346 3420 555 3479 lliborandnm
583 3420 617 3477 T*
720 3421 809 3477 abun‘o
835 3420 874 3477 L¹
981 3419 1131 3477 formisitaa
1159 3417 1197 3474 B*
1301 3412 1410 3474 amois

295 3508 323 3563 Β
428 3506 541 3562 3forte
568 3508 596 3563 Β
707 3508 793 3578 possit
820 3507 901 3575 iatri,
932 3509 993 3563 αι’
1007 3506 1088 3565 sim.
1200 3500 1409 3562 suessionum

295 3612 362 3693 ΒΤ,
396 3594 599 3709 mestudineb
730 3630 746 3684 5
773 3629 922 3701 torpuisset
950 3626 978 3683 B
1107 3628 1300 3684 oomendabant
1328 3626 1353 3681 T

294 3711 450 3783 dupnottter
473 3714 501 3770 B
604 3714 735 3776 torulus
758 3717 797 3771 13¹
903 3715 920 3771 7
944 3714 1153 3787 pulchritudiuis
1171 3714 1229 3771 LV
1328 3706 1410 3768 saeta

295 3800 330 3855 T¹
451 3802 467 3856 9
493 3802 523 3857 in
550 3802 626 3857 tanto
651 3804 684 3858 ia
709 3819 760 3874 my.
788 3799 853 3859 odd.
880 3800 907 3858 V
928 3818 964 3857 aa.
986 3806 1002 3857 1
1123 3801 1158 3856 10
1183 3816 1291 3871 corpora
1316 3810 1410 3866 reputo

295 3888 417 3941 seutunte
435 3889 505 3943 eost.
525 3886 650 3945 Scitottm
665 3890 698 3943 ta
715 3889 787 3944 notia
890 3890 980 3959 pastor
1003 3887 1041 3942 Π
1146 3886 1177 3941 11
1204 3884 1301 3971 digitis
1329 3884 1353 3941 Τ

295 3989 383 4045 aliona
411 3990 445 4045 Τ·
566 3993 609 4054 12.
625 3990 716 4047 dieeur
730 3992 801 4052 :BL
918 3992 952 4048 13
977 3990 1086 4047 modum
1111 4006 1148 4047 sn
1173 4004 1277 4045 morum
1304 3981 1411 4047 omri

295 4127 364 4168 sorr.
469 4114 501 4167 rs
519 4113 713 4183 susspensus·
727 4113 755 4168 rr
859 4078 890 4167 iu
913 4110 962 4167 1110
985 4114 1013 4167 s
1115 4112 1150 4167 ao
1166 4077 1351 4182 suarem
1405 4113 1408 4119 ¹

295 4198 326 4253 21
346 4198 387 4269 ne]
406 4214 453 4253 neo
471 4196 546 4254 ΒΨ·
640 4199 674 4253 Ἠ
697 4200 853 4253 antestitem
871 4196 899 4255 Β
1000 4200 1037 4254 tt
1053 4198 1270 4264 moniminas>
1284 4198 1323 4252 ai
1337 4188 1409 4253 om}

295 4285 323 4341 Β
396 4285 594 4355 ¹·potissimnm
613 4284 654 4352 Β,
681 4300 731 4341 oro.
750 4284 834 4341 ΜΨ·
