2992 4967
295 352 336 418 34
650 350 764 419 Magni
783 350 912 404 I‘elieis
929 350 1060 404 Ennodi

296 541 426 608 clariora
453 541 552 606 secere
579 539 726 606 beneficia
754 558 826 617 sua,
857 539 931 605 dom
961 557 1032 604 mea
1058 538 1172 603 merila
1198 539 1287 604 nulla
1309 539 1424 604 iudicii

294 646 382 711 lance
398 644 553 727 pensabat
574 645 624 708 uel
643 661 788 708 censurae
804 643 970 726 neglegens
986 642 1059 707 dare
1072 641 1211 725 pretinm
1225 640 1423 718 muneribus,

294 767 373 831 quae
404 766 468 813 esse
490 746 687 812 monstrabat
717 745 872 822 indebita,
901 744 1048 826 quoniam
1070 743 1202 822 affectio,
1231 761 1312 825 quae
1335 744 1424 808 circa

294 852 427 917 humiles
449 850 624 929 exhibetur,
652 869 712 915 non
741 848 837 913 habet
865 849 1082 912 nenessitatem
1109 849 1142 910 et
1171 847 1306 930 speciem
1326 863 1422 911 suam

294 974 349 1038 per
371 953 483 1019 sudum
505 953 649 1017 mtilanti
670 953 833 1036 splendore
855 950 1023 1034 significat.
1059 951 1113 1014 diu
1139 967 1212 1032 ergo
1234 949 1294 1014 tali
1316 949 1457 1014 fultuse

294 1057 476 1138 posideum
504 1055 757 1136 praesumptione
785 1070 846 1118 non
876 1053 970 1119 timui
1003 1051 1149 1136 quicquid
1178 1052 1419 1135 obloquentium

296 1157 397 1222 toxica
418 1159 652 1240 promittebant.
676 1159 726 1222 ast
747 1155 801 1221 ubi
816 1175 866 1220 me
889 1157 928 1221 ad
950 1156 1113 1239 antiquum
1135 1155 1297 1238 puluerem
1319 1157 1419 1220 uestri

293 1260 416 1325 reduxit
439 1259 571 1339 obliuio,
600 1261 680 1342 quod
708 1260 740 1324 in
769 1258 883 1323 solacio
909 1258 988 1321 solet
1009 1257 1135 1322 nudatis
1158 1258 1318 1322 defensore
1341 1277 1419 1324 con·

293 1365 427 1447 tingere,
457 1363 546 1445 quasi
568 1363 763 1445 querelarum
798 1361 981 1444 perlatrices
1003 1359 1124 1424 litteras
1147 1363 1320 1444 prorogaui‚
1344 1381 1419 1446 pro·

293 1465 420 1531 mittens
452 1465 529 1530 mihi
563 1469 600 1532 de
635 1485 741 1530 aarum
775 1463 1002 1547 inportunitate
1035 1479 1227 1544 responsum.
1272 1467 1326 1528 sad
1360 1485 1453 1548 perro

292 1569 528 1650 occupationum
558 1569 688 1634 forsitan
722 1567 895 1651 amplitudo
928 1567 1034 1630 uestra
1065 1565 1330 1649 praepedientium
1363 1569 1416 1632 in-

292 1676 452 1736 crementa
474 1670 631 1753 significat
654 1673 692 1736 ad
715 1671 791 1735 baec
813 1688 870 1734 uos
893 1669 995 1734 officia
1016 1685 1077 1732 non
1100 1669 1215 1732 uenire.
1245 1671 1417 1752 replicabo.

291 1773 365 1856 quia
380 1773 463 1838 idem
479 1775 580 1838 status
596 1772 657 1836 fuit
668 1771 815 1836 culminis
830 1772 928 1837 uestri
945 1771 1062 1836 dudum
1073 1773 1203 1855 paginas
1218 1771 1414 1840 destinantis.

291 1876 332 1940 ad
353 1892 469 1939 morem
492 1877 599 1939 tamen
621 1873 799 1955 scriptionis
820 1873 1018 1956 epistulariae
1039 1891 1091 1938 me
1112 1874 1235 1951 reduco,
1257 1894 1298 1940 ne
1321 1877 1417 1942 addat

291 1977 450 2059 proliritas
483 1978 603 2059 ingesta
642 1975 804 2041 fastidium
844 1976 878 2041 et
904 1979 1049 2060 denegari
1071 1978 1203 2062 paginae
1225 1979 1324 2044 faciat
1348 1998 1449 2045 man

291 2078 340 2162 gis
362 2079 509 2162 assegatio
531 2097 610 2160 quae
627 2079 777 2161 poposcit.
801 2079 925 2144 domina
940 2081 993 2164 mi,
1017 2080 1216 2145 salutationis
1230 2083 1415 2164 obsequium

291 2185 379 2248 soluo
401 2188 431 2248 et
455 2184 493 2247 de
515 2183 688 2248 ualitudine
721 2189 829 2249 uestra
855 2185 892 2248 ut
919 2184 1022 2250 animo
1055 2183 1211 2268 obligatus
1245 2186 1414 2269 Interrogo,

292 2285 417 2368 cupiens
439 2287 598 2352 relationis
621 2287 731 2353 Indicio
755 2289 793 2352 ad
815 2289 939 2371 gemina
960 2288 1110 2354 desideria
1130 2289 1303 2370 peruenire.

791 2475 911 2539 XXIII.

663 2609 846 2665 ENNODIVS
873 2609 1036 2665 ΒΒΝΔΒΙΟ.
1421 2625 1446 2663 ao

332 2732 439 2796 Perdit
472 2731 595 2796 affectio
629 2732 835 2799 ualitudinem
868 2733 986 2797 silentii
1014 2731 1177 2798 debililata
1205 2735 1329 2815 torpore
1356 2751 1412 2798 nec

289 2834 329 2898 ad
352 2853 444 2899 usum
466 2854 556 2900 suum
586 2835 767 2919 diligentiae
797 2854 904 2900 cursus
928 2835 1086 2919 exuberat,
1120 2835 1148 2899 si
1170 2835 1305 2900 nudetur
1328 2854 1413 2900 oom-

291 2937 436 3001 munione
470 2938 633 3018 conloquii.
678 2941 767 3002 muta
794 2940 907 3003 caritas
935 2957 1012 3020 pene
1039 2940 1249 3021 repraesentat
1275 2939 1411 3019 speciem

290 3058 349 3103 non
383 3039 525 3119 amantis,
559 3040 591 3103 et
612 3039 752 3105 odiorum
785 3041 986 3106 simulacrum
1012 3043 1142 3106 estnon
1177 3041 1295 3124 aporire
1329 3043 1411 3124 quod

288 3141 401 3224 diligas
414 3141 639 3208 contestatione
650 3143 811 3211 sermonis
828 3144 891 3208 ista
901 3143 1089 3209 sublimitati
1102 3147 1285 3209 tuaecoram
1291 3146 1444 3226 positnss

289 3245 441 3324 intimant,
465 3263 534 3310 cum
551 3247 589 3310 ad
604 3245 756 3310 solacium
773 3245 930 3312 absentiae
951 3265 1039 3312 meaa
1053 3247 1176 3312 litteras
1192 3247 1410 3330 promittebas.

286 3350 321 3411 at
344 3365 425 3413 nuno
446 3365 525 3429 quae
547 3350 685 3412 animum
713 3351 850 3415 uestrum
875 3352 937 3415 mei
960 3350 1076 3414 lnuasit
1098 3349 1224 3428 obliuio,
1248 3355 1284 3414 ut
1307 3350 1410 3414 nullas

338 3567 437 3636 3esso]
456 3569 498 3620 est
517 3567 543 3621 L
644 3567 817 3621 dorbibitur
834 3567 862 3621 Β
963 3568 1129 3638 ti‘qnidquid
1147 3571 1174 3624 Β
1278 3573 1410 3627 8solatio

287 3653 342 3706 ΒΤ
433 3653 510 3723 solet]
529 3651 609 3706 debet
627 3653 710 3708 Sirm.
808 3653 1018 3722 9qnerellarnm
1037 3655 1064 3709 B
1161 3657 1191 3710 11
1212 3657 1409 3726 occupationem

289 3739 326 3790 ΒΙ
431 3737 463 3792 12
481 3738 614 3806 significet
631 3739 659 3792 Β
762 3739 895 3807 replicabo
917 3739 944 3793 V
957 3739 991 3794 bo
1008 3741 1104 3795 barm.
1122 3748 1185 3796 m.1
1290 3743 1324 3797 14
1340 3760 1409 3798 amo

287 3839 343 3878 rem
363 3827 397 3876 Τ·
499 3823 654 3878 scribtionie
673 3824 700 3877 Β
803 3825 974 3893 epistolariae
996 3825 1031 3880 V¹
1051 3831 1077 3889 (n
1095 3828 1126 3880 ia
1143 3845 1158 3882 o
1176 3843 1245 3883 corr.
1264 3846 1298 3882 na
1317 3835 1343 3894 1)

289 3911 320 3964 15
347 3911 453 3979 ingesto
482 3911 514 3962 T¹
618 3911 650 3964 16
676 3910 745 3965 mihi
769 3911 857 3965 BLV
955 3913 987 3965 ll
1013 3912 1155 3982 ablegatus
1178 3913 1206 3966 Β
1309 3915 1343 3969 18
1367 3916 1407 3969 ia·

288 3996 356 4050 ditio
376 3995 428 4050 PT

338 4097 444 4154 XXIII.
478 4098 509 4152 21
538 4099 688 4154 ualitudine
715 4100 743 4154 L
769 4106 802 4155 at
828 4101 941 4155 uidetur
1059 4102 1167 4157 silenti·
1188 4103 1217 4157 L
1242 4102 1341 4158 ieras.

287 4183 322 4237 23
338 4200 403 4253 pene
421 4199 470 4240 om.
490 4185 516 4238 Τ
609 4187 721 4256 speciem
742 4187 815 4242 Tin
832 4201 888 4241 rna.
905 4189 972 4241 Μ
1073 4187 1108 4241 24
1126 4188 1296 4242 simolacrum
1314 4187 1341 4241 Β

287 4269 464 4325 tesolatam
483 4269 535 4326 BT
635 4271 669 4326 27
687 4272 721 4325 ad
739 4273 768 4326 Β
