2992 4967
1180 326 1291 407 nn⁴

66 538 91 577 ε
145 510 218 581 0001.
252 516 432 585 monosterii
462 470 747 585 Admenteusis
778 520 814 584 in
835 518 949 603 Styriu,
983 522 1062 606 sign
1091 540 1122 586 n.
1152 522 1225 599 739,

98 618 267 700 00001111,
283 621 425 703 membr,
441 618 557 688 formae
570 621 709 701 minoris,
732 621 789 688 fol.
809 621 880 687 151.
905 622 1064 691 Uictorem
1086 626 1225 708 sequitur

98 716 178 785 ‘uita
198 721 301 785 suncti
322 722 468 789 lobannis
491 724 717 791 elemosinarii.

142 840 341 909 Monacensis
363 845 395 911 et
418 844 639 911 belmontensis
661 846 694 910 in
718 845 862 913 omnibus
882 846 1079 931 grauioribus
1101 866 1226 915 consen·

99 946 215 1013 tientes
250 946 305 1013 aut
334 947 477 1015 scodiee
500 948 735 1015 Uindobcnensi
767 948 876 1015 Viam
910 946 1072 1016 emendate
1106 955 1162 1017 aut
1190 972 1234 1049 ex¹

97 1050 167 1114 eius
200 1050 374 1134 apographo
411 1050 545 1133 quodem
578 1050 746 1117 fluxerunt.
790 1052 874 1117 Num
906 1054 939 1117 et
970 1053 1114 1137 plurimis
1148 1054 1226 1121 loeis

98 1152 249 1220 lectiones
279 1152 311 1217 V
327 1152 493 1237 primarius
522 1158 649 1219 seruant
677 1156 709 1220 st
732 1153 789 1220 ubi
809 1155 864 1220 ille
886 1156 1042 1222 senectus
1071 1161 1128 1240 est,
1159 1159 1226 1241 ple-

97 1272 233 1337 rumque
248 1255 377 1321 eandem
393 1255 616 1322 correctionem
639 1262 801 1340 tamquam
822 1257 987 1325 lectionem
1001 1260 1158 1345 integram
1174 1281 1226 1327 er·

96 1356 222 1425 bibent.
245 1357 349 1425 Mults
363 1360 468 1427 autem
484 1359 517 1423 in
533 1360 576 1425 eis
592 1363 707 1427 temere
723 1362 856 1440 0001010,
880 1364 976 1429 uerba
989 1363 1103 1428 emisse
1118 1361 1227 1430 addita

96 1462 292 1543 transposita
313 1464 397 1528 sunt.
423 1462 668 1529 Admentensem
690 1468 849 1547 praeterea
864 1466 1095 1532 manus'eltera
1108 1465 1226 1548 purtim

100 1586 161 1648 epe
183 1565 295 1633 codicis
327 1565 369 1633 W
387 1566 527 1645 correxit,
563 1566 679 1648 partim
708 1566 902 1634 coniecturas
922 1567 1052 1633 inutiles
1074 1587 1130 1651 pro
1152 1587 1227 1635 uera

97 1669 257 1752 scriptura
278 1668 391 1751 posuit,
421 1668 503 1735 locos
525 1668 621 1735 otium
643 1669 834 1735 difficiliores
861 1671 987 1754 penitus
1010 1672 1115 1737 erasit.
1159 1671 1227 1737 Hcs

96 1771 198 1853 igitur
214 1769 334 1837 codices
350 1785 411 1837 non
426 1771 533 1855 magni
548 1773 699 1839 momenti
715 1790 781 1839 esse
796 1774 834 1839 ad
849 1772 989 1839 Uictoris
1002 1773 1101 1840 uerba
1121 1792 1228 1841 ernen-

97 1877 202 1941 dauba
224 1874 316 1941 facile
338 1874 480 1958 apparet3
508 1878 614 1941 100000
637 1892 686 1941 000
702 1876 827 1941 omniuo
849 1875 1013 1962 neglegere
1034 1876 1131 1967 nolui,
1154 1895 1224 1943 oum

98 1978 185 2043 hand
207 1996 275 2045 raro
297 1980 335 2043 ab
357 1976 484 2061 optimis
516 1978 602 2043 01001
635 1978 823 2062 illorumque
854 1978 1020 2046 lectionem
1052 1981 1227 2046 testimonii

100 2082 205 2149 instar
238 2083 448 2166 comprobent.
491 2080 602 2162 ltaque
635 2080 805 2164 scripturus
833 2084 944 2148 notatu
972 2083 1080 2166 dignas
1114 2085 1226 2166 recepi,

98 2184 271 2251 deterrima
293 2202 429 2269 quaeque
450 2187 551 2253 reieci.

67 2350 88 2389 e
144 2302 600 2385 Cod.Abrincensie162‚
632 2324 711 2373 suec.
734 2306 818 2387 XII,
853 2306 1039 2387 membrum,
1071 2305 1154 2373 binis
1175 2325 1227 2371 00-

99 2406 220 2471 lumnis
242 2408 388 2490 scriptus,
419 2428 607 2493 quamquam
632 2411 663 2475 et
685 2409 817 2475 mutilus
840 2414 889 2475 est
901 2407 924 2491 ¹)
957 2414 989 2475 et
1010 2409 1227 2491 interpoletur,

103 2511 209 2575 tamen
230 2510 270 2575 ad
292 2511 411 2593 aliquot
426 2512 510 2577 10000
532 2512 685 2578 sanandos
701 2530 792 2597 opem
814 2511 898 2578 haud
913 2512 1119 2595 spernendam
1141 2512 1227 2578 tulit.
1266 2560 1270 2569 .

101 2610 154 2678 Sic
166 2614 201 2677 ut
216 2614 390 2697 exemplum
406 2614 562 2698 proferam
572 2614 658 2681 Pess.
673 2614 710 2679 ll
729 2613 821 2679 lectio
837 2614 966 2697 uulgata
980 2615 1028 2679 est
1035 2611 1227 2695 perferimus

99 2720 332 2797 praeparatum
347 2716 547 2798 supplicium.
571 2718 615 2785 At
626 2717 819 2800 perferimus
834 2716 1000 2782 deteriores
1015 2719 1141 2781 tantum
1154 2714 1228 2782 libri

100 2821 267 2902 praebent3
296 2818 337 2882 V¹
351 2820 445 2886 habet
455 2819 661 2903 proferetur,
684 2817 717 2885 B
735 2818 935 2901 proferimur
958 2816 1017 2903 pss,
1041 2819 1091 2885 cui
1105 2820 1228 2903 egregie

103 2921 259 2987 censent't
280 2943 311 3001 u,
334 2920 369 2986 iu
392 2940 452 3005 quo
474 2924 551 2989 item
570 2922 766 3003 preferbmer
787 2921 831 2985 ae
853 2924 946 2987 extat.

72 3086 90 3141 p,
146 3056 220 3125 Ood.
236 3058 456 3127 Berneneis
471 3060 523 3139 48,
540 3062 614 3126 olim
629 3059 845 3144 Floriacensis,
861 3075 941 3125 saec.
957 3054 1031 3141 X'),
1045 3056 1227 3134 membres,

101 3162 203 3227 forma
223 3163 370 3246 maxima,
403 3164 457 3231 101.
483 3164 552 3246 192,
587 3164 668 3230 binis
698 3163 851 3231 columnis
879 3161 1025 3244 scriptus.
1069 3161 1228 3227 Uictorem

100 3262 261 3347 excipiunt
281 3266 437 3349 passiones
451 3268 486 3332 et
507 3266 590 3333 uites
613 3268 800 3335 0000101001
820 3266 965 3331 Primum
986 3263 1099 3330 folium
1121 3265 1229 3347 deper-

101 3369 206 3435 ditum
228 3370 283 3435 est.
306 3370 471 3436 Beruensis
492 3368 769 3453 neglegentissime
790 3370 926 3452 scriptus
946 3387 966 3435 a
987 3385 1090 3433 manu
1101 3366 1229 3447 subque

100 3490 158 3555 epe
190 3471 264 3538 libri
301 3473 463 3539 cuiusdam
502 3471 598 3538 ecdici
631 3492 653 3535 u
686 3470 839 3537 simillimi
877 3468 1020 3554 plurimis
1053 3468 1130 3533 loeis
1162 3485 1229 3533 cor·

100 3578 205 3644 rectus
228 3579 285 3642 est.

63 3710 93 3767 P
146 3696 219 3764 Ood.
236 3698 441 3763 Parisinus
455 3695 574 3761 latinus
589 3694 683 3773 2015,
708 3693 784 3758 olim
799 3691 992 3758 colbertinus
1006 3690 1081 3771 905,
1097 3707 1174 3755 0000.
1188 3687 1228 3769 X,

101 3846 307 3856 μ--ι--ᾳ-ι

208 3923 227 3987 ¹)
246 3920 349 3975 Desunt
366 3920 395 3973 in
413 3918 461 3973 bec
479 3918 549 3973 libro
567 3919 672 3989 praeter
690 3916 713 3983 1,
730 3914 838 3981 49—11,
856 3913 912 3967 101
924 3912 963 3979 11,
981 3911 1105 3977 soe-111,
1123 3912 1149 3979 8,
1166 3925 1231 3980 quas

101 4012 215 4065 lacunas
231 4009 261 4061 in
279 4022 373 4061 comm.
386 4006 447 4061 crit.
462 4005 612 4061 accuratius
629 4003 731 4069 notaui,
750 4002 835 4057 011000
852 3999 1002 4069 compluris
1018 4000 1048 4055 in
1065 3997 1132 4067 libri
1149 3997 1232 4067 primi

102 4097 145 4165 gg.
165 4094 274 4167 19-21,
294 4092 404 4158 21-29,
422 4093 498 4161 perte
516 4090 577 4147 lolii
593 4089 670 4145 tertii
687 4088 791 4144 auulsa.

208 4199 227 4261 1)
246 4196 407 4251 Beruensem
425 4194 528 4251 saeculo
545 4194 647 4249 decime
659 4192 793 4262 scriptum
808 4206 866 4247 0000
882 4190 947 4245 inde
965 4189 1095 4259 suspicor,
1115 4188 1186 4258 quccl
1201 4188 1232 4242 in

104 4300 135 4339 eo
153 4300 173 4339 u
189 4283 283 4337 litters
300 4284 392 4350 aperta
410 4282 454 4349 (=
465 4282 496 4349 00)
515 4294 593 4349 saepe
610 4280 752 4349 reperitur.
