2992 4967
289 365 310 429 2
648 360 761 430 llagni
779 359 905 414 Felicis
922 360 1056 414 Ennodi

292 553 443 629 ostendit,
474 551 671 634 peregrinam
699 553 833 617 mentita
859 551 1066 618 formidinem.
1107 568 1164 633 ago
1193 552 1286 633 atque
1315 546 1422 614 habeo

291 654 426 741 gratias,
464 655 545 736 quod
576 653 694 718 nobilia
730 653 907 719 rudimenta
943 653 1105 720 facundiae
1139 656 1212 718 tuae
1244 652 1277 716 in
1311 652 1421 724 amici,

290 759 443 842 quantum
465 757 623 837 aestimas,
650 757 824 840 praeconiis
847 757 1043 822 consecrasti.
1081 757 1114 821 et
1135 755 1210 820 lieet
1233 774 1295 820 non
1319 773 1421 839 agno·

291 879 378 926 scam
406 879 476 926 mea
504 879 570 927 esse
602 877 681 944 quae
715 859 868 942 loqueris,
902 859 1085 944 religionem
1118 863 1224 924 tamen
1258 859 1423 923 namautie

292 965 471 1048 amplector,
496 957 693 1049 diligentiam
708 964 845 1048 pectoris
863 963 966 1041 laudo,
989 979 1082 1045 quam
1098 961 1218 1045 gratiae
1234 979 1288 1045 per
1302 963 1424 1026 sudum
1441 983 1450 1017 ι

291 1068 449 1134 rutilantis
472 1069 540 1132 luce
563 1066 726 1132 dedicasti.
766 1066 826 1134 tibi
847 1065 899 1131 far
920 1067 983 1131 ista
1004 1065 1235 1146 praetenditur,
1266 1083 1366 1147 quam
1390 1065 1424 1130 in

291 1171 432 1253 opinione
465 1188 534 1236 mea
567 1170 700 1237 blandus
724 1168 873 1246 ,elocutor
900 1167 1061 1234 accendis:
1095 1186 1151 1252 ogo
1186 1169 1310 1234 noctem
1344 1188 1424 1236 con·

290 1275 435 1340 scientiae
457 1293 553 1350 meae,
576 1273 636 1338 etei
658 1289 717 1338 non
740 1272 838 1358 fugio,
865 1271 939 1337 noui
960 1274 1067 1338 minen
1089 1273 1265 1338 aestimare.
1301 1290 1424 1356 grauoe

291 1377 396 1443 hiatus
418 1378 538 1461 patitur
559 1377 680 1442 alienae
701 1377 821 1460 gratiae
844 1376 1012 1442 commissa
1026 1375 1205 1454 credulitas,
1229 1393 1425 1457 quamquam

291 1498 381 1545 omne
403 1479 520 1546 crimen
542 1480 681 1545 tanseat
703 1481 757 1564 qui
779 1481 851 1545 uult
880 1480 1020 1563 decipere
1049 1479 1266 1546 confidentem.
1302 1479 1452 1562 gruem

291 1587 396 1650 tamen
417 1584 455 1650 de
477 1585 509 1649 te
533 1602 601 1648 mea
623 1583 804 1668 epistularis
825 1583 956 1667 alloquii
978 1583 1105 1648 dotibus
1127 1582 1316 1665 adimplesti,
1339 1583 1426 1648 dum

290 1687 465 1752 nouitatem
494 1705 641 1752 sensuum
669 1689 823 1752 monstras
851 1686 1019 1751 serenitate
1047 1703 1225 1751 sermonum
1247 1687 1279 1750 et
1299 1685 1425 1750 ueteris

290 1790 399 1854 decora
426 1792 587 1874 prosapiae
614 1787 733 1854 nouelli
768 1789 869 1854 uineis
900 1789 1002 1855 nitore
1031 1790 1196 1873 conloquii.
1234 1791 1286 1855 sat
1313 1789 1425 1856 fuerat

288 1893 455 1975 parentum
488 1894 613 1957 tuorum
649 1890 809 1957 desideriis
841 1891 962 1957 seniora
997 1893 1029 1957 te
1066 1892 1202 1958 familiae
1234 1897 1424 1958 ornamenta

290 1994 455 2060 aemulari:
471 1995 596 2060 uincere
612 2012 712 2076 posse,
729 1995 811 2060 sicut
826 2013 918 2061 nemo
935 1995 1075 2074 credidit,
1099 1993 1145 2060 ita
1163 1995 1269 2060 nullus
1284 1998 1449 2080 optauits

289 2096 377 2162 uides
409 2099 561 2182 quantum
593 2097 632 2164 ad
669 2115 805 2180 unguem
837 2097 937 2182 polita
969 2097 1162 2163 conuersatio
1196 2098 1306 2181 pretiis
1335 2099 1424 2164 bene

291 2201 446 2266 nascentis
469 2200 642 2286 adiungat?
676 2201 758 2285 quod
779 2203 868 2265 iubar
890 2201 1054 2286 sauffirinis
1074 2202 1235 2283 praestitIt
1257 2206 1424 2287 superauit

290 2303 445 2370 industria
467 2303 662 2388 castigantis.
691 2303 810 2369 credidi
831 2308 975 2368 uotorum
997 2324 1154 2370 summam
1177 2305 1311 2389 fatigari,
1335 2309 1367 2372 si
1392 2310 1423 2372 te

288 2405 448 2472 natalibus
459 2406 630 2474 reddideris
642 2407 716 2488 tuis,
732 2405 814 2472 illud
825 2426 886 2473 non
899 2410 1083 2490 expendens,
1100 2409 1173 2491 quid
1189 2409 1327 2475 claritati
1342 2413 1423 2475 tuae

291 2509 484 2577 cohabitator
505 2510 693 2578 infunderet.
734 2511 776 2578 sit
798 2510 878 2576 forte
907 2511 940 2576 iu
963 2511 1181 2577 aestimatione
1205 2509 1331 2578 arbitrii
1353 2513 1451 2579 meir·

288 2613 451 2682 defrudata
473 2614 620 2700 cognitio.
660 2615 819 2680 neminem
846 2612 962 2680 credidi
988 2615 1028 2679 ad
1050 2613 1213 2699 Olybrium
1240 2617 1421 2698 peruenire,

340 2872 354 2925 1
382 2869 570 2926 fortitudinem
596 2872 612 2925 b
716 2870 782 2924 abeo
808 2869 837 2924 Β
939 2870 957 2924 2
983 2871 1075 2926 mnicis
1102 2870 1128 2925 Β
1227 2871 1245 2926 3
1272 2873 1421 2941 quantum]

289 2971 367 3026 quem
385 2960 463 3012 tuum
479 2957 541 3012 cosei
558 2955 693 3011 Bantia
791 2955 903 3010 extimas
920 2956 985 3022 Po,·
1010 2958 1052 3012 ita
1068 2960 1125 3010 ert-
1138 2973 1195 3026 pro
1212 2959 1354 3012 aetimare
1375 2975 1421 3013 ae·

289 3043 413 3097 stimator
431 3043 459 3097 P
473 3044 532 3110 scre
549 3043 648 3111 abique
665 3047 698 3096 at
715 3042 766 3096 olii
782 3057 850 3097 auec.
867 3042 932 3097 XV.
945 3043 1050 3099 codices
1066 3042 1236 3098 &macae
1251 3045 1422 3112 ωφίαααῗιιε,

288 3128 361 3198 qood
382 3129 552 3184 Basileeesee'e
578 3127 667 3182 editor
691 3127 836 3182 maeotis
862 3129 969 3184 ἀοααααα
992 3128 1069 3195 soliis
1093 3129 1231 3198 impresse
1257 3129 1421 3187 meme

289 3233 402 3289 uidetur
505 3231 682 3300 'loppinione
699 3231 726 3284 L
830 3231 934 3285 locutor
952 3231 998 3284 Pb
1100 3221 1266 3288 8⁸“timare
1283 3234 1324 3300 L,
1351 3239 1421 3290 esti.

289 3335 361 3374 mare
379 3318 443 3386 PT,
462 3317 1422 3390 extimarebidqacdcfeodc'tlfcrtla'uecamidemmue‘aaimiis

286 3405 446 3474 promentia
461 3402 612 3474 colmere
633 3403 727 3458 ualere
746 3402 876 3472 opinetur
977 3404 1070 3475 mnis
1097 3405 1153 3461 BL
1254 3407 1271 3460 9
1297 3409 1420 3476 partitur

288 3491 327 3548 Β*
447 3495 581 3560 quaquam
606 3490 647 3556 Β,
673 3505 826 3559 quanquam
852 3489 936 3546 ΒΝ
1053 3493 1083 3547 11
1112 3508 1171 3548 mee
1192 3491 1225 3548 de
1246 3495 1275 3546 te
1298 3492 1346 3547 Pt

290 3609 445 3680 equarum
462 3609 667 3679 a,opus01ure
685 3609 795 3666 arur
889 3577 979 3683 eqd
996 3613 1036 3680 a,
1063 3613 1165 3683 uoqm
1181 3614 1210 3668 Ρ
1303 3614 1336 3668 re
1352 3629 1420 3668 oon-

289 3696 374 3766 loquii
396 3697 425 3752 Β
450 3702 476 3752 et
499 3699 540 3753 sic
563 3697 736 3767 ρῐααιααρικ,
763 3699 892 3770 colloquii
918 3699 1033 3754 LPTV
1129 3699 1164 3754 14
1188 3701 1218 3753 te
1242 3714 1295 3755 ose.
1320 3700 1349 3754 P

291 3783 323 3837 15
349 3783 457 3838 emeleri
480 3784 509 3839 Β
611 3783 643 3838 16
671 3783 742 3838 nidis
766 3783 795 3839 Β
898 3785 931 3839 18
950 3784 1061 3857 fatigari
1078 3785 1203 3874 fatigeris
1224 3785 1261 3852 T,
1288 3786 1419 3856 fustigari

290 3904 356 3971 fort.
456 3905 489 3960 19
506 3903 652 3960 reddideris
669 3907 725 3960 tuis
742 3906 849 3974 scripsi,
867 3904 1037 3975 reddidisulis
1054 3905 1089 3970 Β,
1107 3905 1262 3962 reddidistis
1280 3908 1341 3974 ΒΡ,
1358 3925 1418 3964 cre·

290 3987 399 4044 didistie
420 3989 453 4056 V,
470 3989 611 4045 reddidisti
629 3989 682 4056 Tb,
699 3990 859 4046 reddidisses
871 3990 954 4046 Siren.
1039 3991 1172 4047 claritatis
1193 3993 1219 4047 1'
1311 3993 1347 4049 20
1364 3997 1417 4051 sti-

290 4075 407 4130 matione
424 4076 463 4143 Β,
492 4077 666 4133 extimatione
683 4078 747 4142 Pb,-
774 4078 823 4145 sit,
846 4077 918 4144 fero,
941 4077 970 4131 in
987 4075 1159 4133 extimatione
1177 4080 1207 4146 (a
1227 4097 1248 4135 e.
1266 4087 1418 4151 ecquomo-

289 4161 375 4231 tione)
392 4162 527 4218 Boethius
614 4163 720 4219 arbitrii
737 4164 791 4218 mei
813 4163 933 4219 Vimei
950 4165 983 4219 ise
1000 4180 1056 4220 rae.
1073 4170 1138 4219 aar
1223 4166 1256 4223 21
1275 4167 1417 4223 defrudata

294 4279 326 4347 r,
349 4247 485 4368 renutu
502 4285 538 4352 a,
565 4284 723 4341 nemausa
740 4285 842 4342 arro
944 4285 1069 4342 cussum
1087 4287 1226 4344 surr?
