2992 4967
273 356 375 403 Lxllu

270 524 469 609 professionis
491 524 628 607 insignia
649 542 723 609 prae
737 544 770 589 se
788 526 859 609 tert,
882 530 1092 609 opponuntur.
1107 563 1148 575 —
1163 526 1239 607 263,
1258 528 1298 591 12
1321 528 1409 593 caeli

271 628 358 712 lepus,
377 632 537 692 terrarum
551 628 742 707 munimina,
756 627 930 707 fluminum
943 629 1105 710 imperuim
1120 628 1283 712 (snperbia
1297 631 1407 713 codd)

271 730 449 796 natatem
476 750 548 796 cum
572 750 607 795 er
629 732 791 813 insperuiu
812 733 915 815 prima
935 732 1060 817 syllaba
1081 733 1194 799 hausta
1209 734 1332 815 peruia
1354 735 1409 799 uel

271 835 436 901 accedente
460 834 710 918 frequentissima
724 836 901 901 mutatione
918 836 1031 917 perdia
1045 837 1164 901 factum
1180 841 1272 915 esset,
1295 837 1330 901 iu
1346 836 1409 901 bae

270 955 346 1004 uoce
367 937 517 1020 nepnbia
538 939 633 1005 alicui
654 940 755 1004 latere
778 939 870 1005 facile
892 940 1067 1005 uidebatur.
1090 940 1131 1005 of.
1154 938 1201 1004 St.
1218 939 1257 1003 V.
1278 939 1407 1004 11236.

273 1082 310 1093 -
335 1042 409 1125 273,
434 1043 477 1108 20
498 1043 553 1123 qni
575 1062 622 1105 mc
652 1044 784 1107 cerdati
818 1045 917 1108 nescit
944 1044 1133 1121 absentum,
1164 1044 1271 1109 Atesis
1298 1043 1410 1107 undas

271 1145 378 1209 uidem
406 1148 465 1209 tua
486 1166 556 1211 neec
581 1146 661 1229 (uiae
683 1147 789 1228 BLV,
812 1147 879 1213 lnce
900 1149 940 1231 T)
962 1148 1127 1229 mannas
1148 1148 1288 1212 extitisse
1309 1146 1409 1211 cada-

272 1250 405 1314 nerium.
430 1249 529 1315 caedis
552 1250 668 1315 mentio
684 1251 770 1315 adsit
784 1272 907 1317 recuso
922 1256 980 1327 est,
1003 1273 1066 1336 qua
1080 1271 1100 1319 a
1113 1251 1304 1321 'l'beodcrioo
1321 1250 1409 1314 facta

271 1353 376 1419 Atesis
410 1353 613 1418 cadaueribus
643 1354 797 1437 completa
826 1359 884 1418 est.
921 1374 992 1419 nece
1019 1359 1090 1439 post
1122 1357 1261 1439 syllabae
1290 1353 1409 1435 prioris

271 1459 424 1523 iacturam
456 1456 546 1521 facile
576 1456 609 1521 in
642 1456 711 1521 nne
743 1457 861 1521 mutari
893 1458 1005 1539 potuit.
1029 1495 1071 1507 -
1092 1460 1166 1537 279,
1197 1459 1238 1522 16
1265 1457 1410 1520 miratae

271 1565 347 1625 sunt
371 1560 466 1643 (dnae
480 1560 634 1639 nutmnm)
660 1560 712 1623 sni
733 1559 854 1624 similes
873 1561 1018 1626 inueniri
1030 1565 1060 1625 ct
1073 1562 1111 1627 in
1133 1560 1273 1625 buccano
1293 1578 1410 1642 acuere

271 1664 321 1729 uel
338 1663 456 1730 Gothos
481 1667 583 1746 wotene
605 1663 707 1747 codd.)
734 1664 928 1728 resistentem
947 1664 1054 1729 uidem
1077 1666 1205 1748 (audere
1225 1662 1328 1743 codd.)
1352 1660 1410 1725 uel

271 1769 441 1852 Bnlpcres.
479 1768 589 1833 littera
616 1768 630 1830 i
655 1768 771 1832 omissa
802 1786 840 1831 ex
872 1767 965 1832 eane
996 1768 1100 1851 potius
1133 1768 1249 1834 audem
1280 1766 1410 1830 factum

271 1892 366 1955 quam
388 1872 516 1937 consilio
539 1872 679 1953 uerbum,
704 1887 764 1952 quo
780 1872 969 1936 constructio
984 1873 1175 1954 turbaretur,
1193 1871 1410 1953 excogitatum

272 1995 339 2041 esse
367 1974 554 2059 putauerim.
592 1974 787 2039 mirabantur
816 1980 921 2038 autem
943 1975 1068 2057 utrique
1091 1978 1125 2040 et
1145 1974 1243 2044 Gothi
1271 1977 1304 2037 et
1325 1972 1409 2036 Bul-
1490 2045 1491 2048 Ἴ

270 2097 376 2163 garos,
414 2078 495 2160 quod
531 2077 585 2159 qui
620 2077 680 2143 sibi
716 2077 899 2143 resisterent
931 2080 1126 2143 inuenerunt.
1165 2097 1236 2143 cum
1269 2078 1308 2141 ab
1341 2094 1411 2141 uno

271 2182 367 2247 uerbo
401 2182 550 2265 bipertita
583 2182 737 2251 sententia
770 2182 967 2264 dependeret,
1000 2182 1090 2247 cuius
1118 2182 1258 2247 subiecta
1284 2181 1320 2243 in
1345 2196 1412 2244 suo
1490 2233 1491 2240 ,

271 2286 413 2368 quodque
450 2286 608 2350 diuersum
645 2282 992 2369 (Gothos-Bnlpares)
1033 2285 1198 2352 coniuncta
1234 2283 1411 2367 primariae

273 2389 447 2453 sententiae
475 2387 702 2469 subicerentur,
729 2388 960 2470 perspicuitatis
987 2407 1082 2455 causa
1108 2395 1276 2470 utrumque
1306 2385 1410 2466 recipi

271 2496 303 2557 et
336 2508 390 2572 per
423 2510 456 2555 sc
485 2493 558 2574 poni
587 2508 711 2557 necesse
740 2497 816 2557 erat.
849 2530 886 2539 -
920 2494 999 2571 341,
1029 2494 1050 2558 3
1082 2494 1133 2574 (de
1160 2490 1334 2574 Epiphanio
1364 2509 1410 2553 ne

272 2596 433 2679 episcopus
470 2595 638 2677 eligeretur
674 2594 841 2676 obnitenti)
886 2596 1047 2659 resistebat
1083 2596 1118 2658 in
1153 2598 1309 2676 quamam
1343 2612 1410 2671 po·

271 2702 352 2763 terat
381 2704 410 2763 et
435 2698 605 2781 indrynam
634 2718 665 2762 se
692 2700 760 2763 iam
792 2698 966 2779 apostol'nu
995 2698 1179 2763 initiatione
1208 2696 1409 2781 (imitalimse
1489 2733 1490 2738 κ

272 2802 371 2877 codd.)
406 2800 602 2866 clamitabat.
640 2801 779 2866 imitatio
812 2803 1022 2882 apostolorum
1059 2803 1093 2882 (i.
1116 2821 1142 2866 e.
1172 2802 1405 2883 episcoporum)

272 2907 346 2989 quid
374 2906 433 2971 hoc
461 2907 526 2971 loco
555 2906 614 2970 sibi
643 2906 730 2982 uelit,
766 2904 932 2969 obscurum
961 2908 1009 2967 cst
1031 2923 1132 2986 neque
1153 2923 1190 2969 ea
1210 2922 1244 2968 se
1266 2904 1333 2985 ipse
1355 2902 1407 2965 in-

272 3008 400 3091 dignum
429 3008 531 3073 dicere
559 3010 671 3091 potuit.
710 3007 763 3071 sed
790 3006 937 3090 indignus
959 3008 1020 3072 sibi
1043 3006 1225 3083 uidebatur,
1259 3006 1314 3087 qui
1336 3006 1407 3069 iam

272 3112 330 3175 boc
354 3112 493 3192 tempore
515 3113 553 3175 ad
578 3110 782 3193 episcopalem
811 3109 1008 3192 dignitatem,
1039 3128 1117 3192 quae
1143 3109 1406 3193 grauissimorum

273 3214 411 3278 uirorum
434 3219 526 3290 esset,
550 3212 780 3296 proueheretur.
819 3230 881 3294 qua
903 3214 940 3279 de
962 3234 994 3279 re
1021 3213 1105 3279 idem
1134 3212 1266 3277 uerbum
1295 3212 1406 3295 paullo
1488 3263 1489 3286 ,

272 3321 341 3401 post
370 3320 540 3400 usurpatur
568 3316 590 3379 l.
614 3316 633 3379 8
657 3335 693 3379 ac
721 3314 753 3378 si
780 3316 962 3380 initiandus
991 3321 1068 3381 esset
1099 3317 1194 3380 totius
1221 3315 1305 3379 orbis
1334 3316 1405 3395 epi·
1488 3371 1489 3374 ,

274 3439 393 3502 scopus.
403 3420 527 3499 -352,
543 3418 582 3483 21
599 3416 852 3501 (Epiphaniam)
870 3420 939 3483 iam
949 3420 1092 3501 praeuia
1106 3420 1214 3500 opinio
1232 3417 1407 3484 Gallorum

273 3523 416 3601 auribus,
439 3520 545 3604 qualis
560 3526 646 3598 esset,
668 3521 887 3601 intimnuerat‚
909 3521 1120 3586 sacerdotibus
1129 3522 1304 3602 praecipue
1318 3521 1406 3584 eins-

272 3628 341 3692 dem
364 3626 512 3708 remonis,
534 3644 611 3706 quos
633 3624 791 3689 adtomtos
812 3626 849 3690 de
871 3626 1114 3689 anuntibns
1135 3625 1305 3707 inquisitio
1319 3645 1404 3707 pro-

272 3730 357 3811 fana
375 3728 555 3811 (profunda
572 3729 674 3809 codd.)
699 3728 857 3793 sollicitat.
896 3730 997 3813 magis
1019 3730 1099 3795 seire
1120 3729 1249 3793 interest
1270 3746 1405 3811 quorum

273 3832 436 3914 inquisitio
457 3850 552 3914 qnam
575 3833 676 3915 qualis
698 3834 874 3897 secerdotes
892 3832 1111 3897 sollicitauerit
1125 3850 1225 3914 neque
1238 3830 1404 3914 inquisitio

272 3936 535 4018 interrogantium
566 3938 638 4018 apte
667 3935 821 4018 protunda
849 3934 1055 4017 praedicatur.
1094 3936 1175 4018 quod
1203 3935 1232 3999 si
1254 3934 1406 4016 masana

272 4039 465 4122 reponimus,
504 4040 677 4103 sacerdotes
711 4040 745 4102 et
775 4039 950 4104 saeculares
985 4045 1182 4121 opponuntur
1216 4042 1312 4120 atque
1346 4056 1404 4104 cur

272 4142 395 4226 profani
428 4141 499 4206 illos
534 4142 668 4206 adierint
690 4142 729 4207 de
754 4125 926 4225 Epiphanio
954 4141 1158 4217 sciscitaturi,
1191 4143 1295 4206 uerbis
1324 4143 1401 4224 ipsis

273 4246 457 4313 declaratur.
481 4280 522 4293 -
546 4245 619 4323 387,
642 4246 684 4310 26
711 4245 871 4311 manauit
899 4244 1012 4311 callem
1039 4246 1096 4310 sub
1126 4250 1218 4309 tanta
1250 4246 1403 4329 (subiecta
