2992 4967
257 341 324 408 440
618 339 730 411 Magni
749 340 876 397 Felicia
894 340 1028 396 Bnnodi.

258 531 388 613 perante
416 530 558 597 tanseat
587 530 622 597 in
651 532 813 598 naturam:
845 532 931 599 adsit
961 534 1077 599 muniis
1106 534 1221 599 nostris
1250 536 1403 620 aequalis

257 634 412 716 operatio:
446 634 612 716 oonposits
644 636 813 701 seruitute·
826 636 956 703 matum
981 642 1103 703 ereseat
1136 640 1306 722 imperinm
1334 658 1404 706 neo

258 737 420 803 subiaoeat
443 738 580 803 moribus
603 740 658 820 qui
680 739 862 821 praeminet·
878 739 1045 824 dignitate.
1071 760 1127 825 per
1148 743 1316 809 dominum
1336 763 1402 810 no-

258 844 361 907 strum
382 842 486 907 Iesum
513 840 682 909 Christum.

617 1028 749 1084 ORATIO
767 1019 864 1083 ANTE
883 1028 1028 1085 MISSAM.

299 1148 445 1215 Conlator
473 1150 626 1216 bonorum
655 1152 748 1231 deus,
778 1152 830 1217 oui
860 1151 990 1217 effeetus
1018 1151 1052 1217 in
1075 1152 1149 1217 uoto
1178 1158 1246 1237 ost,
1276 1153 1332 1237 qni
1355 1155 1401 1219 de

256 1253 358 1319 medio
375 1254 482 1335 populi
498 1254 626 1339 Moysen
636 1254 688 1319 ‘in‘
703 1256 875 1338 prophetae
892 1270 1023 1338 persona
1036 1254 1196 1323 dedicasti.
1225 1276 1301 1323 nam
1317 1261 1400 1323 dnm

258 1358 401 1440 queritur
417 1357 455 1422 de
469 1356 737 1437 inbecillitatem
756 1363 884 1424 auctore
893 1360 1071 1425 conualuit:
1085 1360 1223 1442 sumpsit
1238 1361 1396 1426 meritum

258 1459 432 1543 pontificis,
464 1462 540 1525 dum
567 1461 674 1527 iustus
698 1463 746 1526 sui
777 1463 895 1528 arbiter
916 1482 951 1528 se
973 1462 1163 1529 uooiferatun
1190 1463 1238 1529 nil
1266 1469 1396 1544 merem,

260 1566 311 1631 oui
333 1566 453 1648 apium
475 1566 598 1629 untione
620 1566 992 1633 sublimem'oonoilianit
1021 1566 1197 1633 humilitate
1221 1566 1431 1648 dapum·

258 1670 372 1733 nostnis
406 1668 538 1732 exordiis
568 1668 724 1750 gutiam,
759 1670 832 1753 qnia
861 1672 1095 1752 propensiorem
1126 1670 1234 1736 deberi
1268 1669 1395 1735 antibus

257 1770 450 1835 declaramus
473 1771 634 1836 offensam,
658 1790 720 1838 non
742 1775 820 1838 sunt
835 1773 990 1840 inusitate
1005 1792 1086 1855 quae
1106 1774 1280 1855 possimus:
1302 1771 1393 1839 isui·

256 1874 362 1956 gnitss
378 1877 433 1937 tus
448 1875 629 1939 testimonio
646 1875 774 1939 tenetur
785 1876 928 1959 exempli.
951 1895 987 1942 eo
998 1877 1082 1942 oinos
1093 1895 1150 1942 nos
1161 1876 1222 1943 esis
1235 1876 1392 1942 bonorum

257 1977 425 2059 longitione
447 1977 639 2057 elementior,
662 1996 722 2060 quo
745 1979 926 2045 substantia
947 1985 1058 2046 nostru
1076 1980 1161 2047 faeta
1181 1981 1231 2045 est
1252 1980 1289 2045 ds
1310 1996 1390 2059 peo-

259 2080 321 2145 oati
345 2079 428 2145 mooe
441 2080 619 2162 proeliuior.
646 2082 696 2159 da,
720 2083 799 2147 bone
813 2084 994 2164 imperator,
1016 2082 1144 2166 ὤμω
1158 2086 1215 2148 tus
1235 2080 1424 2147 electionem

255 2183 420 2263 uirtutem,
437 2184 512 2266 qnia
526 2184 584 2249 sub
599 2185 651 2267 pio
666 2186 806 2267 prinoipe
821 2185 911 2251 nulla
925 2186 1061 2251 militem
1072 2184 1229 2251 deooloret
1242 2181 1387 2249 abiectio.

256 2305 313 2369 per
335 2287 497 2352 dominnm
519 2290 660 2354 nostrum
682 2290 790 2354 Iesum
810 2288 980 2355 Christum.

795 2525 849 2591 VI.

417 2708 558 2779 Dleulo
587 2712 654 2803 [DE
681 2714 932 2781 Housuu'wls
956 2714 1009 2781 uu
1031 2707 1216 2796 susosol.

295 2884 355 2967 Prp
378 2886 498 2953 ratione
520 2888 703 2954 soluendum
726 2893 776 2953 est
797 2891 878 2971 qued
899 2906 955 2971 pro
976 2890 1099 2955 ratione
1112 2885 1280 2951 totumue:
1303 2904 1418 2951 namn

252 2992 289 3052 ut
310 2989 418 3070 pateat
439 2993 470 3055 et
492 2990 617 3074 linguae
641 2994 768 3057 nostrae
789 2991 893 3058 officia
907 2996 941 3057 et
962 2992 1118 3059 silantiun
1136 2987 1290 3055 ordinatis
1311 3007 1380 3055 ser·

253 3091 336 3157 uisse
351 3093 555 3174 temporibus,
571 3094 632 3159 fide
648 3094 794 3160 hortante
808 3094 842 3159 in
857 3096 996 3161 offitium
1013 3090 1156 3161 sernouis
1171 3088 1378 3175 erumpimus.

205 3192 209 3201 '
253 3192 338 3257 idem
361 3197 444 3261 enim
467 3200 515 3261 est
537 3215 730 3281 superuacuo
753 3198 839 3281 loqui
861 3199 942 3281 quod
964 3194 1129 3265 necessarie
1151 3213 1213 3259 non
1235 3195 1379 3261 locutum

305 3400 318 3453 1
339 3402 472 3455 maturam
492 3400 520 3455 Β
614 3401 737 3471 aequales
756 3400 784 3455 Β
878 3396 1068 3471 sdignitrtem
1086 3395 1114 3449 Β
1208 3396 1379 3451 iobristum

252 3518 389 3575 dominum
415 3520 441 3575 Τ
541 3520 629 3577 Iesum
647 3521 789 3577 curiatum
806 3538 858 3577 osa.
874 3522 969 3590 LTV3
985 3515 1050 3570 finit
1066 3515 1133 3571 odd·
1149 3516 1177 3571 B
1280 3518 1299 3572 6
1315 3533 1378 3602 ⁰⁰¹?

252 3640 323 3696 lutor
341 3606 463 3696 honorum
480 3640 509 3695 Β
613 3640 742 3711 inustio}
760 3656 819 3697 meo
836 3642 864 3698 L
949 3635 1034 3705 moysi
1051 3636 1086 3689 Β·
1172 3602 1377 3723 &tutissimas

252 3744 287 3808 Β,
314 3745 506 3801 imbeoellituts
523 3747 561 3801 L¹
646 3749 737 3802 aetora
757 3747 782 3799 T
866 3741 1016 3801 suessent
1029 3738 1113 3795 ΒΝ
1196 3742 1376 3797 wastinam

251 3834 291 3897 (m
308 3832 386 3885 enin
404 3847 474 3887 m.
492 3832 616 3896 ostem)
638 3833 667 3887 s
770 3832 920 3887 saeuus
1009 3828 1309 3895 pertusurae->12

254 3916 287 3970 14
309 3918 425 3985 psoostis
449 3917 476 3971 L
579 3918 612 3971 16
636 3918 712 3973 nulla
735 3933 786 3972 oua
812 3917 838 3971 Τ
939 3912 968 3969 Π
985 3912 1108 3965 nostrum
1125 3910 1215 3965 Issum
1232 3910 1376 3967 curum·

251 4018 310 4061 omo
322 4001 415 4065 LTV;
441 4002 503 4057 fluit
521 4002 586 4057 add.
605 4004 632 4056 Β

304 4094 350 4159 vt
379 4104 419 4158 De
436 4104 576 4159 huretieis
595 4109 622 4159 et
639 4102 747 4175 synodo.
775 4104 858 4161 Sacra
874 4107 949 4159 sexta
963 4102 1035 4155 isser.
1055 4098 1146 4167 m,
1169 4113 1221 4153 osa
1238 4100 1305 4156 utos

251 4190 286 4246 21
312 4189 405 4259 lingue
433 4191 470 4244 Bo
579 4190 613 4245 ΞΒ
639 4195 750 4247 ortanae
775 4192 805 4246 Β
923 4189 955 4243 23
972 4200 1138 4255 supernatus
1163 4186 1251 4255 eloqui
1277 4185 1306 4241 Β

252 4277 413 4331 neeessariae
432 4276 521 4331 BLV
