2992 4967
219 346 220 354 ’
272 344 335 413 104
627 340 743 411 Magni
761 339 886 396 Felieis
904 340 1039 398 Eunoii

270 536 405 603 umes:
424 550 480 618 pro
500 529 615 617 quibus
638 532 744 599 motui
760 532 905 599 oousoius
927 534 1073 617 procetur
1093 534 1224 613 uooodo,
1254 534 1332 617 quie
1348 534 1402 598 oui

270 656 338 705 mou
354 638 402 701 ost
423 636 477 721 pie
498 635 615 721 iugiter
636 635 741 701 seuero
770 636 856 703 iuste
876 654 938 703 nun
960 636 1111 721 despiciet
1131 638 1166 703 et
1186 636 1241 721 qui
1261 636 1401 720 largitur

269 739 432 824 proprium
453 738 556 805 olioue
576 755 639 807 non
660 737 836 807 subtrahet
858 744 943 807 erret
963 743 1017 825 qui
1037 743 1095 809 deo
1120 742 1296 825 proximem
1322 758 1400 806 eou-

269 842 432 911 soiontiom
456 843 555 911 erodit
579 843 750 911 sommodis
771 842 919 911 inuitori:
952 843 1178 913 detrimontum
1204 849 1252 909 ost
1270 849 1399 911 muetos

269 946 428 1013 uoluntati
443 966 506 1013 non
517 945 660 1015 exhibere
674 947 869 1017 benefitium.
885 948 955 1015 sole
966 948 1085 1031 putetis
1099 947 1195 1027 luere,
1210 966 1292 1031 ques
1307 947 1399 1013 uobis
1420 964 1437 1005 ⁵

269 1052 308 1117 de
329 1049 520 1117 liberalitato
542 1052 731 1133 noscuntur,
753 1053 807 1134 qui
833 1051 962 1119 diuitius
984 1051 1061 1119 dum
1082 1050 1224 1120 tribuitis
1242 1050 1398 1134 oouipitis.

271 1172 366 1223 suere
381 1155 430 1221 sot
451 1155 640 1238 dispensatio
662 1158 852 1233 sauctorum,
875 1174 954 1240 quoe
971 1156 1019 1223 nil
1039 1154 1227 1221 reseruando
1247 1156 1400 1221 uniuerso

269 1260 430 1342 proprium
452 1257 576 1325 redusit
598 1258 638 1325 ed
659 1258 827 1325 meritum:
850 1259 938 1327 nullo
960 1262 1035 1324 sunt
1056 1259 1181 1341 potiore
1200 1275 1297 1341 quem
1318 1275 1400 1339 queo

269 1360 358 1429 uobis
375 1360 528 1429 ououiuut
542 1362 581 1428 do
595 1360 743 1445 largitate
758 1360 940 1447 oonpondio.
963 1379 1037 1446 ergo
1052 1380 1180 1427 soonrue
1193 1360 1399 1443 oonprehensi

268 1464 411 1547 superius
433 1464 600 1533 heredibus
622 1464 737 1533 ebone
766 1467 897 1549 promisi
914 1467 1021 1531 uoetm
1042 1464 1305 1548 oontempletione
1332 1466 1433 1531 ise-ro

267 1568 388 1635 turem:
411 1584 467 1635 uos
488 1568 753 1653 pollicitationem
765 1586 870 1636 meum
882 1568 1018 1653 terrimo
1031 1568 1235 1652 dispositione
1252 1567 1399 1651 oonpleto

268 1670 393 1739 stilles
415 1670 539 1749 effectu.
561 1688 613 1739 me
634 1672 774 1739 rolenete
794 1671 965 1756 oonloquio.

780 1876 886 1943 VIIII.

654 2011 842 2069 uddomvs
861 2012 1006 2069 FAVSTO.

308 2130 397 2201 Solet
417 2132 594 2218 epistolaris
615 2133 823 2211 eonoiunetio,
846 2136 970 2218 quondo
992 2135 1100 2201 fenore
1122 2136 1254 2219 rapitur,
1278 2136 1429 2203 iudioieu

265 2254 328 2302 uon
339 2254 445 2304 omero
457 2239 489 2303 et
500 2237 654 2321 copiosius
670 2236 771 2303 fenero
785 2237 981 2315 beneficium,
997 2236 1073 2302 dum
1088 2238 1208 2304 attollit
1221 2240 1396 2307 inmeritos.

267 2338 323 2406 illo
344 2340 429 2405 euim
443 2338 539 2405 debet
554 2340 689 2425 emplius
705 2340 874 2421 adserenti,
897 2342 951 2425 qui
966 2342 1048 2424 quod
1064 2343 1203 2409 moribus
1218 2361 1281 2408 uon
1299 2343 1397 2427 erigit

265 2444 370 2527 gretie
392 2442 555 2528 scripturis
578 2444 770 2529 suffregente
793 2445 1001 2527 oonsoquitur‚
1030 2446 1104 2527 quie
1136 2446 1234 2511 nuliis
1268 2448 1396 2513 adiutus

269 2546 473 2613 oonseiontieo
505 2546 631 2613 dotibus
651 2548 720 2615 iuro
743 2547 784 2613 sd
804 2548 996 2631 allegantem
1013 2551 1164 2631 reportet,
1186 2550 1216 2615 si
1235 2552 1312 2633 quid
1328 2552 1395 2618 edi·

265 2646 410 2732 pisoitur.
434 2648 523 2717 eliud
544 2651 593 2717 ost
614 2651 649 2716 iu
671 2669 725 2731 eo,
746 2652 803 2735 qui
824 2651 1065 2734 oonmoudotur‚
1101 2654 1267 2737 temquem
1290 2654 1428 2719 noosseo

266 2768 396 2837 permen
417 2754 467 2820 ito
495 2754 730 2838 peregrinantia
762 2754 844 2821 boue
873 2754 977 2820 uerbis
998 2757 1150 2836 inserere,
1176 2756 1263 2822 eliud
1286 2742 1397 2823 mrem

265 2855 412 2939 uulgare,
446 2856 709 2940 quomadmodum
743 2856 773 2922 si
802 2858 956 2924 rusticum
987 2878 1081 2943 pecus
1103 2860 1199 2944 Tyris
1231 2860 1395 2927 ooufirmes

268 2976 407 3043 purpure
428 2962 540 3043 sponte
561 2958 668 3025 uestiri
691 2960 724 3025 ot
744 2959 833 3026 uirus
852 2978 1057 3045 generosum,
1089 2966 1171 3046 quod
1192 2964 1296 3031 uellus
1318 2983 1395 3032 oeno

317 3194 514 3253 loeuseiisV
614 3194 713 3254 edomo
730 3194 760 3253 Β
861 3198 1017 3269 2dispioot
1033 3197 1061 3255 Β
1163 3202 1281 3272 largitor
1297 3202 1327 3259 Β

263 3316 280 3371 3
298 3315 406 3385 proprie
425 3313 457 3385 Τ,
483 3316 602 3388 pripium
620 3314 649 3373 Β
750 3320 798 3391 qni
816 3318 865 3420 deo
882 3317 1002 3386 BPY’b,
1029 3288 1095 3392 quid
1113 3338 1143 3377 eo
1162 3325 1183 3393 (i
1199 3339 1221 3380 o.
1240 3324 1259 3379 i.
1276 3340 1312 3379 eo.
1330 3328 1352 3380 Β
1369 3331 1395 3381 et

263 3434 293 3473 oo
311 3420 426 3489 ieros.)
448 3419 489 3489 Β,
525 3422 571 3491 qui
596 3420 655 3475 ideo
679 3420 709 3490 V,
743 3422 791 3492 qui
814 3423 840 3478 io
865 3423 901 3477 T¹
1008 3426 1026 3479 4
1051 3426 1081 3480 in
1107 3427 1252 3483 eommodis
1278 3428 1326 3485 Po

263 3542 497 3601 smannens
591 3545 774 3615 quisset
830 3546 1097 3643 ¹stremonius
1191 3515 1327 3605 edne

263 3646 400 3701 tribuistis
417 3646 456 3703 Β·
559 3648 694 3717 eoeipietie
712 3648 754 3715 Β,
779 3649 922 3718 eooepistis
939 3650 967 3704 L
1070 3650 1086 3703 1
1110 3653 1280 3707 soenotorum
1297 3654 1327 3708 Β

262 3731 350 3801 8que
366 3732 395 3786 Β
498 3734 531 3789 10
547 3733 647 3789 loboris
665 3750 714 3789 um.
734 3734 761 3789 Τ
867 3737 898 3789 11
917 3751 1004 3789 moun
1021 3736 1117 3792 ΜΤ
1218 3738 1394 3807 dispositione

262 3816 379 3886 benigue
398 3820 429 3883 Τ,
454 3818 481 3873 b.
492 3820 691 3889 memnonem
709 3819 737 3875 Β
832 3822 865 3875 12
882 3822 978 3877 eiiootu
989 3822 1044 3891 rue]
1063 3821 1187 3879 effectum
1204 3823 1232 3878 Β
1321 3840 1394 3880 reue

263 3904 319 3957 leto
338 3904 374 3958 Τι
477 3906 627 3976 eonloquio]
645 3904 710 3961 fruit
726 3905 792 3963 odd
809 3907 839 3961 Β

316 4004 409 4064 VIIII.
445 4008 477 4064 15
495 4010 650 4079 epistolares
669 4010 696 4064 Β
800 4014 929 4081 repertur
946 4014 985 4069 Β
1092 4014 1125 4069 ld
1142 4014 1279 4084 oupiosiue
1296 4015 1325 4070 Β
1379 4026 1383 4031 ·

263 4108 323 4147 oum
345 4092 371 4147 Τ
456 4096 489 4151 li
506 4096 579 4167 qued
597 4113 631 4153 eor
648 4097 710 4154 dem
731 4099 757 4153 T
772 4114 844 4155 eurr.
930 4100 964 4154 18
980 4100 1176 4170 suffropnuteu
1192 4102 1221 4159 L
1308 4102 1342 4157 19
1358 4102 1392 4155 si·

261 4178 321 4249 quis
339 4178 367 4234 Β
469 4181 503 4237 21
520 4185 626 4251 germin
644 4185 682 4241 Βι
785 4186 820 4240 22
841 4186 978 4242 ooniirnrio
997 4187 1025 4243 Β
1129 4188 1164 4243 23
1188 4187 1277 4243 uellus
1294 4204 1345 4245 oro.
1360 4189 1391 4243 ie

262 4279 316 4319 roe.
337 4268 409 4321 6-7
425 4268 479 4325 litt.
502 4269 526 4322 Τ
