2992 4967
240 348 303 415 190
593 342 707 414 Regni
723 342 853 398 Felicis
869 341 1001 397 linncdi

363 532 413 601 Sic
434 536 489 599 tua
510 546 573 599 ncu
593 530 753 597 maculent
774 532 933 615 nigrantes
955 532 1094 596 membra
1119 529 1249 613 puellae,

405 633 472 702 Nec
494 634 595 701 iaceas
616 635 741 717 propter
764 632 942 699 Tartaream
964 633 1092 699 facicm:

363 736 407 803 Vt
429 736 577 822 cupidum
598 736 714 803 sanctis
736 736 853 803 relcues
875 754 931 820 per
952 737 1069 820 scripta
1090 734 1232 819 loquelis,

405 840 511 925 Deque
533 840 596 905 tuis
617 840 708 906 fratri
735 839 874 906 fontibus
895 840 981 905 unda
1001 838 1089 904 duat.

744 1022 847 1089 XXII.
1383 1042 1396 1082 e

619 1156 766 1215 ulmo
786 1156 976 1213 unoculus

279 1264 416 1332 Fidelins
449 1284 468 1331 a
500 1264 696 1331 sublimitate
732 1266 789 1330 tua
823 1282 931 1329 necem
965 1261 1138 1345 suscipiunt
1170 1264 1226 1326 ant
1258 1260 1357 1327 inter-

238 1371 331 1452 rupta
364 1369 519 1434 montium
552 1369 607 1433 aut
639 1370 758 1434 secreta
789 1366 963 1432 siluarum:
998 1366 1147 1448 praebent
1179 1363 1358 1429 hominibus

238 1475 368 1537 naturae
396 1471 590 1537 institutione
620 1471 652 1536 et
678 1474 768 1535 muta
795 1487 992 1553 responsum:
1023 1467 1106 1535 redit
1139 1468 1178 1533 ad
1210 1465 1357 1532 mortales

238 1572 418 1640 uicissitndo
440 1574 594 1640 clamosae
616 1572 808 1640 solitudinis:
831 1590 893 1638 non
915 1572 998 1654 perit
1019 1568 1100 1653 qnod
1121 1570 1248 1654 linguae
1270 1585 1396 1634 acce-10

238 1678 342 1762 perint
363 1676 414 1741 nel
435 1676 537 1742 lustra
558 1676 752 1743 beneficium.
780 1693 876 1758 quare
897 1673 983 1739 istud
1002 1673 1037 1738 in
1063 1670 1281 1759 magnitudine
1302 1674 1360 1737 tua

240 1778 341 1845 laudis
364 1782 396 1843 ct
417 1777 627 1862 philosophiae
649 1796 745 1863 genus
769 1779 818 1843 est
839 1776 921 1842 nihil
936 1775 1039 1841 dicere
1060 1776 1092 1840 et
1112 1774 1231 1840 silentii
1252 1775 1359 1839 tenere

105 1922 109 1931 ·
238 1882 319 1947 inter
341 1882 584 1948 declamantium
606 1882 726 1947 incerta
748 1881 946 1947 cautionem?
973 1879 1081 1959 homo,
1105 1897 1196 1963 quem
1223 1895 1282 1943 nec
1308 1876 1359 1943 in·

239 1983 407 2049 fecundum
428 1987 540 2049 nature
554 1984 695 2068 protulit,
718 2000 776 2049 neo
789 1981 1012 2048 infabricatum
1027 1982 1167 2049 doctrina
1181 1980 1357 2064 dereliquit

242 2086 311 2166 sed,
341 2087 444 2166 credo,
474 2106 525 2152 me
548 2085 722 2170 dedignaris
744 2084 852 2166 aifatu,
874 2085 970 2169 opicis
992 2085 1099 2152 nolens
1120 2082 1257 2169 pretiosa
1284 2084 1394 2150 dares

237 2191 332 2256 uerba
353 2190 476 2258 iudicio.
501 2188 576 2274 qnid
598 2190 679 2273 quod
700 2188 826 2273 signum
848 2191 896 2256 est
910 2188 1020 2255 diuitis
1035 2187 1211 2272 eloquentia
1223 2187 1285 2253 uiri
1300 2203 1359 2253 nec

239 2293 370 2359 indoctis
404 2310 580 2358 sermonum
613 2291 718 2375 cupita
747 2292 951 2357 snbtmhereo
995 2290 1156 2357 mendicus
1189 2290 1358 2356 fluminum

239 2412 346 2460 cursus
363 2396 420 2480 est,
436 2395 489 2477 qui
504 2394 630 2461 tantum
645 2393 912 2459 nobilissimorum
927 2393 1043 2459 satiare
1055 2395 1185 2477 putatur
1199 2393 1357 2459 ardorem:

239 2499 365 2564 ubertas
396 2497 546 2563 imbrium
576 2502 607 2564 et
633 2496 716 2563 nihil
742 2497 884 2581 pariture
911 2515 984 2562 sara
1016 2496 1183 2579 pertundit
1221 2495 1358 2580 liquidae

240 2600 371 2666 rationis
394 2599 468 2667 crdo
484 2604 542 2680 est,
566 2602 602 2665 ut
615 2600 830 2685 paupertatem
844 2599 984 2683 resignet
997 2600 1051 2683 qui
1065 2600 1178 2665 damna
1191 2599 1393 2665 formidate„

239 2702 384 2787 quicquid
405 2722 466 2769 non
488 2704 643 2787 procurrit
665 2702 744 2767 exile
767 2704 823 2768 est.
855 2702 893 2767 de
914 2700 1092 2767 nolucribns
1113 2706 1219 2767 tamen
1242 2720 1358 2767 munus

240 2807 398 2891 singulare
427 2806 597 2881 destinam,
627 2807 708 2887 qucd
738 2804 821 2887 cepit
841 2802 996 2888 accipiter.
1039 2822 1112 2870 nam
1133 2805 1289 2888 progressi
1318 2806 1358 2870 ad

238 2908 402 2974 Bromium
425 2908 457 2973 et
478 2906 595 2975 Bacchi
616 2905 714 2989 orgis,
736 2906 817 2970 inter
838 2924 911 2971 aues
933 2906 1016 2971 sem
1036 2905 1264 2972 commisimus:
1286 2925 1357 2991 pro·

240 3009 302 3075 luit
316 3010 457 3093 quaestui
472 3010 578 3076 nostro
593 3011 749 3075 certamen
765 3008 877 3075 sodale
891 3027 1071 3092 pennarum.
1094 3010 1251 3073 memento
1273 3008 1357 3092 qnod

241 3112 341 3177 solam
374 3112 497 3178 matam
528 3110 711 3192 direximus,
741 3112 874 3177 scientes
902 3110 976 3196 quia
1000 3128 1156 3177 numero
1183 3113 1275 3178 deus
1296 3113 1392 3178 in·a

338 3264 371 3319 as
396 3264 473 3333 rog.
492 3264 547 3320 uo.
565 3265 590 3330 s,
610 3265 644 3320 uo

285 3403 304 3465 Ι1
322 3402 371 3455 tus
387 3403 473 3458 ont
574 3401 713 3471 nigrantes
736 3402 832 3467 Sim,
861 3402 998 3471 nigrantis
1022 3400 1121 3457 BLVt
1224 3402 1357 3457 emembra

236 3486 263 3541 L
364 3486 506 3557 ipropter
523 3488 609 3542 iaceas
626 3487 684 3542 LV
811 3534 815 3538 .

286 3570 374 3629 xxn.
406 3572 639 3643 10acciperiutB,
656 3573 1005 3643 acciperentidlsr.rcc.)t
1098 3574 1179 3644 laet]
1192 3578 1233 3628 est
1246 3574 1289 3629 Bt

235 3654 397 3729 lplosopblso
409 3659 448 3714 B¹
461 3666 494 3715 at
504 3658 617 3714 cidares
707 3660 739 3714 13
751 3660 922 3715 iutecondum
933 3659 970 3716 Τ*
1061 3661 1094 3716 14
1104 3664 1203 3715 nature
1214 3660 1265 3729 Bt,
1284 3662 1357 3716 terra

236 3744 320 3799 LTV
411 3744 559 3814 dereliquid
576 3744 604 3799 L
706 3746 740 3800 15
757 3746 834 3816 credo
851 3748 879 3803 L
979 3746 1062 3816 opicis
1080 3746 1140 3814 Bb,
1166 3746 1250 3802 obicis
1267 3745 1358 3812 ΜΨ.

236 3830 306 3898 opici
332 3830 403 3887 cont.
431 3830 527 3897 Sim,
557 3830 642 3901 operis
668 3834 740 3887 cccl
770 3831 909 3898 sacam,-
939 3830 1264 3900 mimendensem,
1290 3847 1359 3885 som

235 3914 318 3985 opicis
336 3920 375 3969 est
392 3914 509 3970 hominis
520 3914 616 3971 inculti
700 3917 734 3971 16
751 3916 827 3971 uird
915 3916 947 3971 1‘1
960 3915 1170 3972 substrahereB
1255 3917 1288 3972 1s
1305 3919 1357 3971 im·

211 4000 324 4054 ·brium
343 4002 395 4068 (pr.
413 4000 424 4054 i
441 4002 473 4055 s'n
489 4004 555 4070 rus.)
574 4002 601 4055 Β
696 4001 731 4055 20
747 4002 860 4071 resignlt
878 4001 917 4057 Βι
934 4006 976 4068 (at
992 4002 1150 4069 Μάνη
1241 4003 1357 4072 dampna

236 4084 320 4139 ΜΨ
418 4084 453 4139 22
476 4084 605 4142 ‹listinaui
628 4087 664 4155 B,
690 4087 840 4142 destinent·
855 4088 882 4143 L
971 4091 1058 4159 caepit
1081 4089 1111 4156 V,
1137 4088 1224 4159 coepit
1241 4088 1288 4143 Bo

235 4169 358 4239 adlaT
452 4170 815 4238 commutatam
907 4173 1288 4245 saquetmnzqueouiz

235 4256 380 4325 pinnarum
393 4258 420 4313 B
521 4258 556 4313 25
572 4258 718 4315 dixerimus
736 4258 765 4314 L
866 4260 976 4317 edentis
993 4259 1021 4316 Β
