2992 4967
864 266 874 301 i

449 336 683 407 Epistularum
709 335 893 392 tiberim.
1171 338 1239 405 Μ

105 526 214 594 medat
243 525 392 593 transisse
419 525 502 610 quod
530 527 644 593 metuit
671 526 702 591 et
729 543 808 609 quae
830 524 907 592 ieoit
928 524 1104 609 redemptor
1125 529 1234 593 noster

105 630 234 696 molesti
267 628 461 713 benignitate
495 628 675 711 praeterita,
709 627 800 711 quusi
832 629 896 695 sint
928 628 962 694 in
983 626 1099 705 oeoulis
1121 628 1231 711 locata,

105 732 254 815 suspirat.
266 751 359 809 vuere,
382 732 495 801 domne
510 732 639 811 Aniene,
662 731 727 797 iam
748 731 782 797 in
804 752 855 797 me
876 730 958 799 nihil
979 733 1018 799 de
1039 750 1134 799 usura
1155 733 1234 799 loeis

104 835 199 901 istius
228 836 287 901 nisi
309 838 416 903 nestra
439 835 563 901 tantum
586 834 656 918 post
678 835 825 901 timorem
848 835 898 902 dei
918 836 1071 903 remansit
1092 836 1232 903 affeetio:

78 939 231 1021 equando
253 938 365 1004 melius
398 956 522 1005 menum
545 938 657 1023 agitur,
692 938 765 1005 talis
787 957 868 1018 snm,
904 940 1029 1020 qualem
1051 940 1155 1005 mein
1179 941 1232 1006 de·

106 1043 283 1127 speratione
299 1041 472 1107 dimisistis.
489 1044 638 1124 superest,
654 1044 691 1107 nt
705 1042 848 1127 precibus
863 1042 975 1107 uene
991 1046 1023 1107 et
1033 1045 1231 1126 peecatorum

104 1145 247 1211 remissio
270 1146 457 1210 consedetur
489 1146 521 1208 et
555 1143 582 1209 si
615 1144 661 1209 ita
683 1142 740 1209 deo
762 1142 897 1222 uidetur,
933 1162 988 1226 pro
1011 1143 1079 1210 nioe
1100 1146 1230 1211 remedii

103 1249 211 1314 obitus
235 1249 315 1313 oeier
337 1248 469 1325 eueniet,
492 1264 530 1311 ne
553 1246 689 1312 amasim
710 1246 754 1311 sit
776 1247 878 1310 morte
892 1246 974 1329 qnod
996 1242 1079 1311 nino.
1104 1244 1228 1313 domine

102 1350 159 1431 mi,
184 1350 408 1417 salutationem
430 1349 569 1415 debitam
591 1348 658 1414 tota
679 1348 862 1415 hnmilitate
882 1350 1062 1432 persoluens
1085 1367 1168 1435 rogo,
1192 1356 1229 1416 nt

63 1472 158 1538 seper
181 1471 245 1535 uos,
269 1452 344 1537 quid
366 1454 398 1519 in
421 1470 515 1519 eausa
537 1456 643 1521 nostra
671 1453 709 1518 de
731 1452 831 1520 Roma
852 1452 1027 1535 nuntietur,
1050 1472 1228 1539 agnoscam.

579 1604 757 1671 XXXXIII.

469 1723 652 1781 eunomio
668 1723 864 1781 maanes.

146 1829 308 1913 Numquid
328 1830 492 1915 siquando
523 1832 563 1895 ab
585 1830 698 1895 affeetu
719 1830 844 1897 destitit
865 1832 920 1914 qni
942 1833 999 1899 deo
1021 1850 1093 1898 oum
1114 1829 1229 1899 fiduoia

102 1932 315 2017 subplieauiti
338 1936 364 1999 si
386 1935 510 1999 animus
531 1932 565 1999 in
587 1932 647 1997 fide
670 1951 731 1999 non
755 1934 918 2014 olandioet,
942 1935 1017 2001 nota
1034 1938 1066 1999 et
1081 1938 1228 2001 uotorum

62 2036 192 2119 rsoopia
213 2037 451 2121 coniunguntur.
470 2053 538 2103 eoos
560 2036 626 2121 egit
646 2038 728 2118 apud
750 2054 807 2105 uos
828 2037 992 2103 silentium
1013 2055 1128 2121 meum,
1144 2037 1228 2119 quod

100 2140 183 2204 tanti
205 2141 352 2224 temporis
374 2158 437 2206 non
458 2140 560 2206 ualuit
581 2140 717 2208 obtinere
735 2140 917 2224 loquacitas.
945 2142 1099 2225 quantum
1120 2141 1223 2221 uideo,

97 2244 215 2325 seripta
229 2247 333 2309 uestra
347 2243 408 2309 uisi
423 2242 624 2309 taciturnitas
640 2261 700 2310 non
717 2245 871 2310 meretur:
894 2262 970 2328 qnos
985 2248 1090 2310 mutos
1103 2246 1222 2327 putatis

97 2344 328 2427 alloquiminiz.
345 2348 384 2412 ab
417 2345 476 2429 his,
514 2346 624 2429 quibes
654 2346 762 2429 lingua
783 2347 1019 2424 reserrentur,
1043 2345 1222 2412 abstinetis.

97 2448 201 2514 feristi
223 2452 328 2514 tamen
350 2449 431 2531 qnod
447 2449 552 2513 denuit
567 2448 715 2514 domnum
731 2451 773 2533 st,
796 2451 833 2514 ιιι
846 2449 907 2532 ipsi
922 2450 1034 2529 diuitis,
1053 2452 1224 2533 parentem,

59 2555 135 2617 mut
157 2570 208 2615 me
237 2550 325 2635 gram
353 2552 546 2634 aegritudine
574 2551 755 2633 depressum
784 2551 913 2635 dignum
934 2551 1052 2634 putetis
1074 2552 1220 2635 alioquio.

95 2672 182 2738 rogo,
204 2655 241 2719 ut
263 2655 319 2721 hoo
341 2654 399 2720 sub
422 2652 653 2720 eontinuatione
681 2652 816 2719 iaoiatis.
845 2654 969 2719 domine
990 2654 1046 2736 mi,
1069 2654 1221 2723 resaluta·

96 2756 194 2822 tionis
216 2758 422 2825 maerentium
456 2757 579 2823 soluens
612 2774 713 2839 poseo,
747 2758 785 2821 ut
813 2774 870 2837 pro
897 2774 947 2821 me
968 2776 1023 2839 per
1044 2774 1151 2823 omnes
1173 2756 1222 2823 dei

96 2860 220 2926 sanatos
254 2860 427 2942 suppiioure
460 2878 521 2925 non
542 2858 684 2942 [desinas
721 2860 873 2941 qnatenus
906 2857 991 2925 uitae
1016 2859 1159 2925 redditus
1182 2860 1221 2925 de

97 2961 217 3027 nisione
240 2962 346 3028 uestm
369 2964 589 3047 oongaudesm

147 3149 164 3203 2
182 3148 274 3205 celesti
291 3149 319 3203 Β
422 3150 596 3219 praeteritam
619 3149 646 3202 Β
750 3149 862 3205 ὀιοιιΙιίι
879 3150 895 3205 b
913 3156 939 3205 et
957 3150 1038 3205 Siras
1141 3150 1160 3204 3
1179 3166 1226 3207 sn·

94 3234 180 3305 spiret
198 3234 225 3289 Β
310 3232 418 3290 domine
436 3235 504 3289 Pio
590 3234 696 3289 susiane
718 3234 743 3289 T
833 3236 850 3289 4
867 3236 984 3305 tantum]
1003 3237 1093 3291 temen
1112 3236 1154 3291 Pb

94 3320 230 3390 timorem]
249 3335 364 3375 amorem
382 3320 429 3375 Po
528 3320 544 3374 5
562 3319 631 3375 tales
648 3319 676 3374 Β
769 3319 949 3390 disperatione
967 3321 995 3376 Β
1092 3320 1108 3375 6
1126 3320 1223 3378 demis·

94 3422 174 3476 sistes
193 3421 221 3476 B
307 3422 445 3491 praedibus
465 3422 492 3477 Β
587 3420 706 3477 δοιοιιι
724 3420 752 3477 Β
836 3425 861 3493 ’,9
879 3389 906 3479 m
927 3424 958 3491 Τ,
985 3423 1055 3477 inihi
1073 3423 1159 3478 BLV
1212 3417 1214 3421 ’

93 3507 249 3563 humilitate
275 3509 302 3562 Β
425 3509 458 3564 10
483 3512 572 3565 uestm
600 3510 627 3565 P
651 3516 678 3565 ot
705 3509 785 3566 Sim
901 3512 1043 3565 nuntietur
1070 3510 1154 3566 Sim.

92 3594 245 3664 agnosoam]
265 3594 328 3649 finit
345 3594 409 3649 odd.
428 3595 455 3650 Β

145 3678 300 3735 mxlii.
333 3680 365 3735 12
376 3680 486 3737 messala
499 3682 582 3738 LBT
673 3683 704 3737 13
717 3682 867 3739 destitetB
953 3681 986 3736 14
998 3697 1051 3737 non
1068 3681 1121 3737 Vs.
1134 3682 1151 3736 i.

93 3764 168 3834 uota]
187 3768 216 3819 et
234 3761 332 3820 notat
437 3770 469 3824 15
496 3770 573 3839 cupis
599 3769 627 3823 Β
731 3769 764 3824 16
791 3768 910 3839 optinere
934 3768 962 3823 Β
1065 3768 1097 3823 17
1114 3770 1220 3838 potatas

91 3850 121 3905 Β
227 3852 258 3906 19
283 3850 354 3906 donn
373 3852 412 3921 Β,
440 3854 611 3911 dominumb
715 3853 810 3909 diaetis
829 3855 883 3920 Β,.
899 3853 978 3909 dietis
997 3854 1024 3909 L
1127 3857 1154 3909 et
1172 3870 1219 3924 pa·

93 3936 196 3992 rentem
218 3936 364 3994 BLP¹TV
459 3940 494 3996 20
510 3940 664 4039 sgpitndiue
683 3941 711 3995 Β
807 3940 975 4011 depraessum
992 3940 1021 3995 Β
1117 3940 1220 4009 potatis

96 4038 124 4093 Β
226 4040 259 4096 21
278 4041 436 4099 faeiath
537 4061 563 4098 m
587 4044 618 4112 T,
644 4045 712 4101 mihi
732 4044 818 4101 BLV
917 4044 1090 4101 salutationis
1109 4045 1152 4100 Po

92 4124 127 4179 23
154 4126 282 4195 quatinus
308 4127 390 4184 ΜΨ
493 4128 524 4185 da
544 4131 657 4202 uisione]
676 4132 809 4187 diuisione
832 4131 879 4186 Bo
982 4132 1017 4187 24
1042 4128 1229 4202 oongandiam.

93 4210 132 4280 L,
159 4212 324 4281 gandaamb

1062 4375 1117 4430 15*
