2992 4967
633 350 748 421 tingui
766 350 896 405 Feliois
914 349 1045 405 Iinnodi

795 538 881 605 XXI.

671 657 853 714 ennomus
877 658 1002 714 Burro

321 764 355 833 Si
383 783 503 848 possem
533 766 692 831 scribendo
715 764 818 830 delere
845 767 992 849 peginam
1013 781 1126 841 meam,
1150 761 1322 846 multiplici
1344 763 1404 828 hoo

277 868 376 934 isoere
399 866 574 932 intentione
595 884 802 950 procurarem.
843 866 897 931 sed
920 864 1078 949 quianon
1100 866 1149 929 est
1171 863 1218 929 fos
1240 866 1403 930 hominem

278 989 338 1036 non
360 988 472 1047 errore,
495 987 550 1053 ego
571 968 627 1034 ille
651 988 754 1049 oenus,
778 969 832 1033 sed
853 971 942 1052 peter
957 969 1039 1047 tune,
1061 987 1100 1032 ne
1116 987 1265 1051 umquam
1286 968 1401 1050 prioris
1423 993 1437 1034 e

278 1072 426 1156 epistolae
447 1090 533 1137 mooe
547 1073 589 1137 eis
604 1090 729 1150 mernor,
749 1088 893 1153 exposco:
916 1072 960 1135 sio
975 1073 1007 1134 te
1022 1075 1112 1153 peter
1126 1074 1158 1134 et
1172 1070 1277 1152 petris
1290 1070 1399 1149 telem,

278 1175 403 1258 qualem
425 1192 480 1257 per
502 1174 641 1259 singulos
669 1176 734 1239 dies
758 1176 900 1241 omnibns
922 1176 1086 1257 protestor,
1110 1175 1251 1257 exeipist
1289 1172 1401 1239 olienis

278 1278 401 1361 eoriptie
424 1278 549 1357 orodidi‚
573 1281 608 1342 ut
630 1276 698 1342 stili
720 1278 782 1341 mei
804 1276 971 1358 inportune
992 1275 1194 1342 festinatione
1215 1280 1399 1343 morderem.

278 1383 314 1445 tu
337 1380 454 1446 feoeree
478 1382 558 1463 quod
581 1380 712 1463 sapione,
737 1380 790 1463 qui
814 1378 873 1444 soli
898 1380 1009 1443 domno
1024 1378 1126 1445 Probo
1154 1398 1256 1444 eroom
1278 1381 1399 1443 tenenti

277 1483 360 1548 inter
382 1485 487 1549 dootos
509 1501 619 1548 uersus
648 1500 732 1548 mooe
759 1482 927 1567 relegeres,
956 1485 1036 1564 qnod
1064 1482 1168 1547 fsoere
1190 1482 1306 1548 doouit
1345 1500 1436 1566 egon

277 1586 473 1670 inportunus,
496 1586 550 1669 qui
571 1586 662 1651 elteri
686 1585 811 1651 eredere
832 1604 893 1651 non
909 1586 1093 1664 debuissem,
1122 1586 1273 1665 quantum
1297 1584 1401 1661 uideo,

278 1687 395 1753 frustra
424 1692 597 1754 commotus
625 1706 705 1753 snm.
735 1691 813 1753 uude
842 1706 914 1773 ergo
946 1687 985 1752 ed
1007 1688 1157 1753 domnum
1179 1686 1317 1751 Probum
1344 1688 1402 1768 (sio

278 1792 366 1873 pstor
381 1792 454 1855 tuus
468 1790 567 1868 uiuet,
583 1790 629 1855 eio
640 1808 799 1874 nequem
815 1808 935 1873 semper
949 1792 1072 1869 amasti,
1089 1790 1250 1854 uiuentem
1266 1790 1402 1871 ondins),

279 1894 351 1975 quio
373 1892 436 1957 isto
456 1911 534 1976 pene
557 1898 697 1958 mortuus
719 1894 847 1973 dietum,
871 1898 903 1958 et
925 1894 1063 1960 osoulure
1084 1894 1133 1959 illi
1155 1910 1258 1977 genno
1279 1910 1334 1974 pro
1351 1912 1401 1957 me

279 1997 313 2060 et
334 1996 385 2059 dio
406 1994 456 2059 illi
476 1996 515 2060 de
537 1995 593 2060 illo
616 1998 753 2062 extremo
775 2014 885 2062 uersu:
914 1996 1120 2062 Terentianus
1151 2015 1201 2060 me
1223 1994 1347 2060 induxit
1368 1997 1436 2064 inu

278 2095 334 2162 illo
357 2097 506 2181 exemplo,

409 2218 459 2285 Sio
481 2218 565 2284 futur
588 2217 764 2297 lacrimans,
788 2217 940 2300 classique
961 2216 1109 2285 immittit
1130 2218 1274 2284 hebenus.

279 2338 384 2403 omnio
406 2342 522 2418 tumen,
545 2356 623 2419 queo
642 2337 770 2403 fuerunt
784 2338 880 2421 digno
894 2338 1090 2415 oorreotione,
1106 2335 1272 2421 praeuidit
1297 2337 1401 2402 soluto

277 2460 381 2507 umore
403 2459 462 2525 qno
487 2442 593 2507 debeo.
618 2440 644 2505 ei
666 2458 800 2520 euasero,
818 2440 946 2505 emendo
962 2458 1070 2505 uerene
1085 2440 1168 2522 ipsos
1183 2442 1214 2504 et
1228 2440 1275 2504 sio
1288 2438 1401 2523 dirigo.

279 2562 351 2610 nem
374 2544 498 2609 litterae
520 2544 603 2626 tuos,
626 2560 702 2626 quse
724 2562 780 2626 per
801 2542 954 2609 infantem
975 2541 1123 2606 Rufinum
1145 2541 1296 2618 direxisti,
1320 2541 1437 2608 lulioso

278 2665 384 2712 mense
405 2646 543 2730 eueoepi:
572 2646 654 2712 unde
682 2665 732 2711 me
760 2646 893 2728 oontigit
915 2646 1034 2709 nescire
1058 2644 1138 2727 qnod
1160 2645 1264 2709 sotum
1285 2643 1402 2721 fueret,

279 2754 315 2815 nt
337 2750 444 2815 tsliter
467 2767 619 2814 moueret.

789 2866 892 2932 XXII.

673 2980 856 3039 ENNODIVS
882 2983 1007 3039 FLORO.

322 3088 381 3168 Qui
415 3088 529 3154 iustine
562 3088 777 3171 prosperitatis
810 3109 896 3155 mooe
928 3090 1086 3173 eognosoit
1118 3088 1242 3172 indiois,
1266 3088 1327 3155 nisi
1351 3093 1437 3174 quie

278 3192 437 3257 einoeriter
459 3195 490 3256 et
511 3190 722 3257 indesinenter
744 3191 890 3275 optauit?
912 3211 968 3257 neo
989 3192 1136 3258 oonnenit
1158 3194 1242 3276 prius
1266 3194 1403 3259 ultorum

382 3344 413 3398 15
431 3343 604 3399 Terentionue
621 3344 730 3399 liturus
750 3346 825 3411 1951,
853 3346 932 3416 Vorg.
950 3348 981 3400 Α.
1001 3346 1040 3401 VI
1060 3350 1075 3403 1

329 3496 403 3551 m.
438 3496 573 3566 dpossim
590 3496 618 3551 Β
712 3472 880 3567 oproeu'iem
893 3500 920 3555 L
1008 3500 1088 3554 eotB
1180 3474 1320 3571 tsemfoer
1337 3507 1403 3557 tune

278 3583 305 3640 T
404 3582 421 3637 6
443 3581 524 3637 telem
542 3596 593 3637 om.
611 3582 638 3637 L
740 3584 757 3638 7
780 3588 913 3655 protector
939 3586 974 3639 Τ·
1077 3588 1094 3641 8
1117 3587 1183 3658 stili]
1202 3586 1287 3641 simili
1304 3586 1332 3641 Β

277 3686 335 3725 enm
353 3667 500 3723 morderem
518 3668 585 3735 fort.
688 3670 705 3722 9
722 3672 804 3724 ortem
824 3672 872 3726 Po
975 3672 1009 3727 10
1024 3687 1116 3727 uersos
1133 3673 1162 3729 L
1261 3688 1332 3727 meos
1350 3690 1403 3730 om.

277 3754 306 3809 Β
406 3752 535 3821 religorse
561 3752 589 3807 Β
692 3753 783 3809 doenit
809 3752 848 3809 Βι
951 3757 984 3810 14
1009 3756 1062 3812 iste
1088 3758 1127 3813 L¹
1229 3774 1317 3828 mnus
1341 3758 1402 3825 Po,

275 3838 355 3894 ienue
373 3840 407 3902 P,
434 3840 514 3893 isnue
532 3838 658 3906 ΒΒΤΨ,
685 3856 768 3909 genes
779 3842 847 3908 sort.
934 3843 967 3897 15
979 3845 1129 3899 torentinns
1142 3844 1169 3897 Β
1255 3844 1287 3897 17
1305 3844 1402 3899 olssei·

276 3938 327 3993 que
349 3922 478 3979 immittit
500 3924 538 3979 P’
562 3926 603 3989 (ier
619 3926 680 3994 ηιμ.)
697 3925 725 3991 d,
754 3927 844 3981 mittit
866 3926 983 3995 LPTV,
1010 3930 1105 3984 mittet
1122 3928 1150 3983 Β
1251 3930 1401 3996 abonosT,

276 4008 368 4063 suiuus
386 4007 414 4061 Β
513 4010 545 4063 18
563 4012 651 4063 temen
670 4011 697 4077 (e
715 4026 750 4065 ee
766 4012 805 4065 e?
823 4016 904 4081 oorr.)
922 4012 951 4068 Β
1048 4016 1081 4069 19
1097 4014 1169 4084 quod
1186 4015 1213 4070 L
1309 4032 1402 4070 nemos

275 4094 346 4163 ipsos
358 4094 470 4149 emendo
482 4093 608 4149 LPTVd
687 4098 761 4166 ipsus
772 4098 812 4152 ΒΙ
897 4099 990 4170 derigo
1001 4100 1040 4155 Βι
1126 4100 1160 4153 21
1172 4100 1332 4170 oontigetB

275 4179 340 4248 qnid
361 4178 388 4233 Τ
484 4178 588 4235 luant
607 4181 635 4235 Β
737 4182 772 4237 22
789 4199 937 4239 ωοιιιιοῐεῐ
953 4184 980 4239 L

325 4280 414 4437 1311.
449 4282 737 4354 oroor01uoerio1e
841 4289 874 4344 25
892 4290 979 4344 iustus
996 4288 1024 4343 Β
1128 4290 1161 4345 26
1182 4258 1350 4355 eonoorimri
1367 4289 1398 4342 in

274 4383 327 4424 ror.
