<?xml version="1.0" encoding="UTF-8"?>
<!DOCTYPE html PUBLIC "-//W3C//DTD XHTML 1.0 Transitional//EN"
    "http://www.w3.org/TR/xhtml1/DTD/xhtml1-transitional.dtd">
<html xmlns="http://www.w3.org/1999/xhtml" xml:lang="en" lang="en">
 <head>
  <title>
</title>
<meta http-equiv="Content-Type" content="text/html;charset=utf-8" />
  <meta name='ocr-system' content='tesseract 3.04.00' />
  <meta name='ocr-capabilities' content='ocr_page ocr_carea ocr_par ocr_line ocrx_word'/>
</head>
<body>
  <div class='ocr_page' id='page_1' title='image "./corpusscriptoru10wissgoog/corpusscriptoru10wissgoog_0574.png"; bbox 0 0 2992 4967; ppageno 0'>
   <div class='ocr_carea' id='block_1_1' title="bbox 287 355 1053 431">
    <p class='ocr_par' dir='ltr' id='par_1_1' title="bbox 287 355 1053 431">
     <span class='ocr_line' id='line_1_1' title="bbox 287 355 1053 431; baseline -0.01 -14"><span class='ocrx_word' id='word_1_1' title='bbox 287 364 350 431; x_wconf 79' lang='lat'>442</span> <span class='ocrx_word' id='word_1_2' title='bbox 646 359 761 428; x_wconf 81' lang='lat' dir='ltr'>Magni</span> <span class='ocrx_word' id='word_1_3' title='bbox 778 358 905 411; x_wconf 77' lang='lat' dir='ltr'>Felicis</span> <span class='ocrx_word' id='word_1_4' title='bbox 923 355 1053 411; x_wconf 81' lang='lat' dir='ltr'>llnnodi</span> 
     </span>
    </p>
   </div>
   <div class='ocr_carea' id='block_1_2' title="bbox 277 545 1465 3110">
    <p class='ocr_par' dir='ltr' id='par_1_2' title="bbox 277 545 1465 3110">
     <span class='ocr_line' id='line_1_2' title="bbox 286 545 1430 631; baseline -0.008 -12"><span class='ocrx_word' id='word_1_5' title='bbox 286 554 318 619; x_wconf 88' lang='lat' dir='ltr'>et</span> <span class='ocrx_word' id='word_1_6' title='bbox 330 553 507 619; x_wconf 91' lang='lat' dir='ltr'>studiorum</span> <span class='ocrx_word' id='word_1_7' title='bbox 520 549 733 616; x_wconf 80' lang='lat' dir='ltr'>heredidatem</span> <span class='ocrx_word' id='word_1_8' title='bbox 746 547 851 631; x_wconf 84' lang='lat' dir='ltr'>adepti</span> <span class='ocrx_word' id='word_1_9' title='bbox 863 550 939 613; x_wconf 89' lang='lat' dir='ltr'>sunt</span> <span class='ocrx_word' id='word_1_10' title='bbox 953 550 987 612; x_wconf 88' lang='lat' dir='ltr'>et</span> <span class='ocrx_word' id='word_1_11' title='bbox 1000 547 1118 613; x_wconf 89' lang='lat' dir='ltr'>ruinae.</span> <span class='ocrx_word' id='word_1_12' title='bbox 1138 547 1277 631; x_wconf 77' lang='lat' dir='ltr'><strong>proinde,</strong></span> <span class='ocrx_word' id='word_1_13' title='bbox 1294 545 1430 625; x_wconf 81' lang='lat' dir='ltr'>iratres,</span> 
     </span>
     <span class='ocr_line' id='line_1_3' title="bbox 286 650 1429 735; baseline -0.008 -12"><span class='ocrx_word' id='word_1_14' title='bbox 286 658 465 723; x_wconf 90' lang='lat' dir='ltr'>manentem</span> <span class='ocrx_word' id='word_1_15' title='bbox 495 656 527 719; x_wconf 91' lang='lat' dir='ltr'>in</span> <span class='ocrx_word' id='word_1_16' title='bbox 557 653 699 735; x_wconf 90' lang='lat' dir='ltr'>supernis</span> <span class='ocrx_word' id='word_1_17' title='bbox 728 653 857 734; x_wconf 83' lang='lat' dir='ltr'>petrum</span> <span class='ocrx_word' id='word_1_18' title='bbox 884 654 918 717; x_wconf 89' lang='lat' dir='ltr'>et</span> <span class='ocrx_word' id='word_1_19' title='bbox 945 651 1169 717; x_wconf 68' lang='lat' dir='ltr'>adhaerentem</span> <span class='ocrx_word' id='word_1_20' title='bbox 1198 650 1293 717; x_wconf 87' lang='lat' dir='ltr'>beato</span> <span class='ocrx_word' id='word_1_21' title='bbox 1322 651 1429 715; x_wconf 89' lang='lat' dir='ltr'>Petro</span> 
     </span>
     <span class='ocr_line' id='line_1_4' title="bbox 285 753 1429 839; baseline -0.008 -13"><span class='ocrx_word' id='word_1_22' title='bbox 285 762 392 826; x_wconf 88' lang='lat' dir='ltr'>tenete</span> <span class='ocrx_word' id='word_1_23' title='bbox 415 758 614 835; x_wconf 85' lang='lat' dir='ltr'>sententiam,</span> <span class='ocrx_word' id='word_1_24' title='bbox 637 756 713 839; x_wconf 83' lang='lat' dir='ltr'>quie</span> <span class='ocrx_word' id='word_1_25' title='bbox 735 753 947 821; x_wconf 83' lang='lat' dir='ltr'>rosmundae</span> <span class='ocrx_word' id='word_1_26' title='bbox 968 753 1115 821; x_wconf 86' lang='lat' dir='ltr'>ecclesiae</span> <span class='ocrx_word' id='word_1_27' title='bbox 1137 754 1172 817; x_wconf 90' lang='lat' dir='ltr'>et</span> <span class='ocrx_word' id='word_1_28' title='bbox 1187 772 1250 819; x_wconf 93' lang='lat' dir='ltr'>uon</span> <span class='ocrx_word' id='word_1_29' title='bbox 1271 753 1429 819; x_wconf 85' lang='lat' dir='ltr'>habentis</span> 
     </span>
     <span class='ocr_line' id='line_1_5' title="bbox 285 856 1431 942; baseline -0.005 -15"><span class='ocrx_word' id='word_1_30' title='bbox 285 860 441 927; x_wconf 83' lang='lat' dir='ltr'>maculam</span> <span class='ocrx_word' id='word_1_31' title='bbox 456 863 602 942; x_wconf 79' lang='lat' dir='ltr'>optamus</span> <span class='ocrx_word' id='word_1_32' title='bbox 616 858 783 923; x_wconf 84' lang='lat' dir='ltr'>unitatem</span> <span class='ocrx_word' id='word_1_33' title='bbox 806 856 962 940; x_wconf 88' lang='lat' dir='ltr'>patienter</span> <span class='ocrx_word' id='word_1_34' title='bbox 976 858 1057 923; x_wconf 86' lang='lat' dir='ltr'>ferre</span> <span class='ocrx_word' id='word_1_35' title='bbox 1077 874 1139 923; x_wconf 90' lang='lat' dir='ltr'>non</span> <span class='ocrx_word' id='word_1_36' title='bbox 1153 874 1322 938; x_wconf 87' lang='lat' dir='ltr'>possumus</span> <span class='ocrx_word' id='word_1_37' title='bbox 1336 874 1431 922; x_wconf 84' lang='lat' dir='ltr'>uana</span> 
     </span>
     <span class='ocr_line' id='line_1_6' title="bbox 285 959 1465 1044; baseline -0.008 -15"><span class='ocrx_word' id='word_1_38' title='bbox 285 962 317 1029; x_wconf 94' lang='lat' dir='ltr'>in</span> <span class='ocrx_word' id='word_1_39' title='bbox 334 962 495 1029; x_wconf 79' lang='lat' dir='ltr'><strong>Christum</strong></span> <span class='ocrx_word' id='word_1_40' title='bbox 517 963 659 1027; x_wconf 90' lang='lat' dir='ltr'>nostrum</span> <span class='ocrx_word' id='word_1_41' title='bbox 675 966 706 1025; x_wconf 85' lang='lat' dir='ltr'>el</span> <span class='ocrx_word' id='word_1_42' title='bbox 724 959 910 1044; x_wconf 87' lang='lat' dir='ltr'>blasphema</span> <span class='ocrx_word' id='word_1_43' title='bbox 923 961 1099 1027; x_wconf 84' lang='lat' dir='ltr'>ruotsntes:</span> <span class='ocrx_word' id='word_1_44' title='bbox 1125 962 1251 1040; x_wconf 86' lang='lat' dir='ltr'>scimus,</span> <span class='ocrx_word' id='word_1_45' title='bbox 1268 962 1344 1043; x_wconf 86' lang='lat' dir='ltr'>quia</span> <span class='ocrx_word' id='word_1_46' title='bbox 1365 960 1429 1042; x_wconf 85' lang='lat' dir='ltr'>qui</span> <span class='ocrx_word' id='word_1_47' title='bbox 1450 978 1465 1019; x_wconf 78' lang='lat' dir='ltr'>s</span> 
     </span>
     <span class='ocr_line' id='line_1_7' title="bbox 284 1062 1429 1149; baseline -0.005 -16"><span class='ocrx_word' id='word_1_48' title='bbox 284 1069 317 1133; x_wconf 91' lang='lat' dir='ltr'>in</span> <span class='ocrx_word' id='word_1_49' title='bbox 339 1068 486 1149; x_wconf 86' lang='lat' dir='ltr'>putribus</span> <span class='ocrx_word' id='word_1_50' title='bbox 515 1064 666 1131; x_wconf 89' lang='lat' dir='ltr'>membris</span> <span class='ocrx_word' id='word_1_51' title='bbox 699 1082 760 1129; x_wconf 93' lang='lat' dir='ltr'>non</span> <span class='ocrx_word' id='word_1_52' title='bbox 796 1065 898 1129; x_wconf 89' lang='lat' dir='ltr'>utitur</span> <span class='ocrx_word' id='word_1_53' title='bbox 926 1064 1002 1129; x_wconf 88' lang='lat' dir='ltr'>ferri</span> <span class='ocrx_word' id='word_1_54' title='bbox 1029 1063 1186 1130; x_wconf 89' lang='lat' dir='ltr'>medicina</span> <span class='ocrx_word' id='word_1_55' title='bbox 1218 1062 1429 1145; x_wconf 78' lang='lat' dir='ltr'>serpentibus</span> 
     </span>
     <span class='ocr_line' id='line_1_8' title="bbox 284 1167 1427 1253; baseline -0.004 -17"><span class='ocrx_word' id='word_1_56' title='bbox 284 1170 403 1236; x_wconf 83' lang='lat' dir='ltr'><strong>morbis</strong></span> <span class='ocrx_word' id='word_1_57' title='bbox 426 1172 566 1253; x_wconf 83' lang='lat' dir='ltr'>praestat</span> <span class='ocrx_word' id='word_1_58' title='bbox 588 1168 752 1251; x_wconf 83' lang='lat' dir='ltr'>obsequie:</span> <span class='ocrx_word' id='word_1_59' title='bbox 781 1184 855 1234; x_wconf 82' lang='lat' dir='ltr'>nam</span> <span class='ocrx_word' id='word_1_60' title='bbox 877 1167 940 1233; x_wconf 88' lang='lat' dir='ltr'>nisi</span> <span class='ocrx_word' id='word_1_61' title='bbox 966 1170 1110 1233; x_wconf 77' lang='lat' dir='ltr'>secentur</span> <span class='ocrx_word' id='word_1_62' title='bbox 1137 1167 1310 1244; x_wconf 85' lang='lat' dir='ltr'>tabefacta,</span> <span class='ocrx_word' id='word_1_63' title='bbox 1344 1184 1427 1231; x_wconf 89' lang='lat' dir='ltr'>con-</span> 
     </span>
     <span class='ocr_line' id='line_1_9' title="bbox 283 1269 1425 1354; baseline -0.004 -17"><span class='ocrx_word' id='word_1_64' title='bbox 283 1274 450 1338; x_wconf 83' lang='lat' dir='ltr'>taminant.</span> <span class='ocrx_word' id='word_1_65' title='bbox 474 1270 608 1354; x_wconf 84' lang='lat' dir='ltr'>pacifica</span> <span class='ocrx_word' id='word_1_66' title='bbox 624 1275 671 1336; x_wconf 88' lang='lat' dir='ltr'>est</span> <span class='ocrx_word' id='word_1_67' title='bbox 686 1290 758 1336; x_wconf 89' lang='lat' dir='ltr'>cum</span> <span class='ocrx_word' id='word_1_68' title='bbox 775 1271 835 1345; x_wconf 83' lang='lat' dir='ltr'>his,</span> <span class='ocrx_word' id='word_1_69' title='bbox 857 1272 913 1354; x_wconf 85' lang='lat' dir='ltr'>qui</span> <span class='ocrx_word' id='word_1_70' title='bbox 927 1274 1049 1336; x_wconf 85' lang='lat' dir='ltr'>rectum</span> <span class='ocrx_word' id='word_1_71' title='bbox 1064 1269 1213 1336; x_wconf 85' lang='lat' dir='ltr'>nituntur</span> <span class='ocrx_word' id='word_1_72' title='bbox 1227 1270 1425 1353; x_wconf 71' lang='lat' dir='ltr'>inpugnare,</span> 
     </span>
     <span class='ocr_line' id='line_1_10' title="bbox 283 1372 1425 1460; baseline -0.004 -19"><span class='ocrx_word' id='word_1_73' title='bbox 283 1375 468 1460; x_wconf 74' lang='lat' dir='ltr'>congressio.</span> <span class='ocrx_word' id='word_1_74' title='bbox 514 1375 584 1457; x_wconf 88' lang='lat' dir='ltr'>quis</span> <span class='ocrx_word' id='word_1_75' title='bbox 608 1393 626 1438; x_wconf 87' lang='lat' dir='ltr'>a</span> <span class='ocrx_word' id='word_1_76' title='bbox 648 1374 739 1440; x_wconf 92' lang='lat' dir='ltr'>bellis</span> <span class='ocrx_word' id='word_1_77' title='bbox 767 1374 886 1441; x_wconf 87' lang='lat' dir='ltr'>talibus</span> <span class='ocrx_word' id='word_1_78' title='bbox 911 1374 1036 1439; x_wconf 88' lang='lat' dir='ltr'>timoris</span> <span class='ocrx_word' id='word_1_79' title='bbox 1058 1376 1224 1439; x_wconf 83' lang='lat' dir='ltr'>reuocetur</span> <span class='ocrx_word' id='word_1_80' title='bbox 1244 1372 1425 1451; x_wconf 71' lang='lat' dir='ltr'>ememus,</span> 
     </span>
     <span class='ocr_line' id='line_1_11' title="bbox 283 1476 1460 1562; baseline -0.003 -18"><span class='ocrx_word' id='word_1_81' title='bbox 283 1479 455 1562; x_wconf 89' lang='lat' dir='ltr'>dequibus</span> <span class='ocrx_word' id='word_1_82' title='bbox 484 1476 579 1543; x_wconf 88' lang='lat' dir='ltr'>uitali</span> <span class='ocrx_word' id='word_1_83' title='bbox 601 1479 699 1560; x_wconf 89' lang='lat' dir='ltr'>possit</span> <span class='ocrx_word' id='word_1_84' title='bbox 720 1476 823 1542; x_wconf 89' lang='lat' dir='ltr'>morte</span> <span class='ocrx_word' id='word_1_85' title='bbox 853 1477 1009 1560; x_wconf 80' lang='lat' dir='ltr'>gaudere?</span> <span class='ocrx_word' id='word_1_86' title='bbox 1053 1478 1166 1559; x_wconf 88' lang='lat' dir='ltr'>quibus</span> <span class='ocrx_word' id='word_1_87' title='bbox 1188 1476 1300 1542; x_wconf 89' lang='lat' dir='ltr'>mundi</span> <span class='ocrx_word' id='word_1_88' title='bbox 1323 1477 1460 1543; x_wconf 79' lang='lat' dir='ltr'>huiuso</span> 
     </span>
     <span class='ocr_line' id='line_1_12' title="bbox 282 1579 1423 1664; baseline -0.001 -18"><span class='ocrx_word' id='word_1_89' title='bbox 282 1581 501 1664; x_wconf 79' lang='lat' dir='ltr'>potestatibus,</span> <span class='ocrx_word' id='word_1_90' title='bbox 517 1580 569 1646; x_wconf 86' lang='lat' dir='ltr'>uel</span> <span class='ocrx_word' id='word_1_91' title='bbox 583 1580 610 1645; x_wconf 93' lang='lat' dir='ltr'>si</span> <span class='ocrx_word' id='word_1_92' title='bbox 626 1579 796 1664; x_wconf 87' lang='lat' dir='ltr'>minentur,</span> <span class='ocrx_word' id='word_1_93' title='bbox 819 1580 1082 1663; x_wconf 77' lang='lat' dir='ltr'>adquiescendum</span> <span class='ocrx_word' id='word_1_94' title='bbox 1100 1580 1267 1659; x_wconf 87' lang='lat' dir='ltr'>credimus,</span> <span class='ocrx_word' id='word_1_95' title='bbox 1291 1582 1423 1663; x_wconf 84' lang='lat' dir='ltr'>quando</span> 
     </span>
     <span class='ocr_line' id='line_1_13' title="bbox 283 1682 1422 1767; baseline -0.002 -16"><span class='ocrx_word' id='word_1_96' title='bbox 283 1684 369 1751; x_wconf 80' lang='lat' dir='ltr'>aliud</span> <span class='ocrx_word' id='word_1_97' title='bbox 393 1684 528 1767; x_wconf 89' lang='lat' dir='ltr'>imperat</span> <span class='ocrx_word' id='word_1_98' title='bbox 551 1684 605 1766; x_wconf 92' lang='lat' dir='ltr'>qui</span> <span class='ocrx_word' id='word_1_99' title='bbox 636 1701 732 1767; x_wconf 88' lang='lat' dir='ltr'>regna</span> <span class='ocrx_word' id='word_1_100' title='bbox 760 1682 955 1759; x_wconf 82' lang='lat' dir='ltr'>moderatur,</span> <span class='ocrx_word' id='word_1_101' title='bbox 1000 1684 1125 1749; x_wconf 90' lang='lat' dir='ltr'>dicente</span> <span class='ocrx_word' id='word_1_102' title='bbox 1152 1684 1310 1766; x_wconf 85' lang='lat' dir='ltr'>apostolo:</span> <span class='ocrx_word' id='word_1_103' title='bbox 1342 1704 1422 1749; x_wconf 90' lang='lat' dir='ltr'>nun</span> 
     </span>
     <span class='ocr_line' id='line_1_14' title="bbox 281 1786 1421 1871; baseline -0.001 -19"><span class='ocrx_word' id='word_1_104' title='bbox 281 1791 373 1852; x_wconf 91' lang='lat' dir='ltr'>sunt</span> <span class='ocrx_word' id='word_1_105' title='bbox 396 1786 617 1870; x_wconf 87' lang='lat' dir='ltr'>condignae</span> <span class='ocrx_word' id='word_1_106' title='bbox 646 1787 859 1867; x_wconf 87' lang='lat' dir='ltr'>passiones</span> <span class='ocrx_word' id='word_1_107' title='bbox 886 1786 1007 1852; x_wconf 91' lang='lat' dir='ltr'>buius</span> <span class='ocrx_word' id='word_1_108' title='bbox 1030 1786 1166 1853; x_wconf 89' lang='lat' dir='ltr'>mundi</span> <span class='ocrx_word' id='word_1_109' title='bbox 1197 1788 1244 1852; x_wconf 83' lang='lat' dir='ltr'>ud</span> <span class='ocrx_word' id='word_1_110' title='bbox 1273 1806 1421 1871; x_wconf 89' lang='lat' dir='ltr'>super·</span> 
     </span>
     <span class='ocr_line' id='line_1_15' title="bbox 281 1889 1421 1974; baseline 0.002 -19"><span class='ocrx_word' id='word_1_111' title='bbox 281 1891 492 1955; x_wconf 87' lang='lat' dir='ltr'>uenturum</span> <span class='ocrx_word' id='word_1_112' title='bbox 513 1890 694 1974; x_wconf 85' lang='lat' dir='ltr'>glorium,</span> <span class='ocrx_word' id='word_1_113' title='bbox 718 1908 815 1971; x_wconf 84' lang='lat' dir='ltr'>quse</span> <span class='ocrx_word' id='word_1_114' title='bbox 836 1889 1087 1956; x_wconf 89' lang='lat' dir='ltr'>renelabitur</span> <span class='ocrx_word' id='word_1_115' title='bbox 1108 1891 1148 1955; x_wconf 95' lang='lat' dir='ltr'>in</span> <span class='ocrx_word' id='word_1_116' title='bbox 1168 1891 1310 1957; x_wconf 76' lang='lat' dir='ltr'>nobis?</span> <span class='ocrx_word' id='word_1_117' title='bbox 1332 1891 1421 1957; x_wconf 81' lang='lat' dir='ltr'>fluxa</span> 
     </span>
     <span class='ocr_line' id='line_1_16' title="bbox 282 1991 1452 2077; baseline 0.003 -21"><span class='ocrx_word' id='word_1_118' title='bbox 282 1991 562 2058; x_wconf 88' lang='lat' dir='ltr'>ecclesiasticorum</span> <span class='ocrx_word' id='word_1_119' title='bbox 585 1993 679 2058; x_wconf 88' lang='lat' dir='ltr'>corda</span> <span class='ocrx_word' id='word_1_120' title='bbox 703 1996 759 2058; x_wconf 85' lang='lat' dir='ltr'>aut</span> <span class='ocrx_word' id='word_1_121' title='bbox 780 1992 1003 2075; x_wconf 81' lang='lat' dir='ltr'>turbentquae</span> <span class='ocrx_word' id='word_1_122' title='bbox 1021 1994 1226 2077; x_wconf 89' lang='lat' dir='ltr'>inpraesenti</span> <span class='ocrx_word' id='word_1_123' title='bbox 1249 1995 1321 2060; x_wconf 86' lang='lat' dir='ltr'>uite</span> <span class='ocrx_word' id='word_1_124' title='bbox 1340 2001 1452 2060; x_wconf 74' lang='lat' dir='ltr'>eunuc</span> 
     </span>
     <span class='ocr_line' id='line_1_17' title="bbox 281 2096 1419 2179; baseline 0.002 -18"><span class='ocrx_word' id='word_1_125' title='bbox 281 2096 338 2161; x_wconf 87' lang='lat' dir='ltr'>aut</span> <span class='ocrx_word' id='word_1_126' title='bbox 366 2096 542 2162; x_wconf 82' lang='lat' dir='ltr'>delectant:</span> <span class='ocrx_word' id='word_1_127' title='bbox 573 2096 861 2178; x_wconf 70' lang='lat' dir='ltr'>quibusmodis,</span> <span class='ocrx_word' id='word_1_128' title='bbox 890 2098 945 2179; x_wconf 91' lang='lat' dir='ltr'>qui</span> <span class='ocrx_word' id='word_1_129' title='bbox 975 2098 1042 2163; x_wconf 90' lang='lat' dir='ltr'>diro</span> <span class='ocrx_word' id='word_1_130' title='bbox 1063 2098 1180 2163; x_wconf 89' lang='lat' dir='ltr'>diaboli</span> <span class='ocrx_word' id='word_1_131' title='bbox 1208 2116 1228 2163; x_wconf 86' lang='lat' dir='ltr'>u</span> <span class='ocrx_word' id='word_1_132' title='bbox 1254 2100 1419 2163; x_wconf 85' lang='lat' dir='ltr'>sententia</span> 
     </span>
     <span class='ocr_line' id='line_1_18' title="bbox 281 2197 1418 2284; baseline 0.003 -21"><span class='ocrx_word' id='word_1_133' title='bbox 281 2216 339 2263; x_wconf 86' lang='lat' dir='ltr'>suu</span> <span class='ocrx_word' id='word_1_134' title='bbox 360 2199 466 2265; x_wconf 89' lang='lat' dir='ltr'>motus</span> <span class='ocrx_word' id='word_1_135' title='bbox 489 2200 629 2281; x_wconf 87' lang='lat' dir='ltr'>imperio,</span> <span class='ocrx_word' id='word_1_136' title='bbox 653 2197 779 2265; x_wconf 91' lang='lat' dir='ltr'>erubuit</span> <span class='ocrx_word' id='word_1_137' title='bbox 802 2200 857 2265; x_wconf 90' lang='lat' dir='ltr'>diu</span> <span class='ocrx_word' id='word_1_138' title='bbox 873 2202 1137 2284; x_wconf 84' lang='lat' dir='ltr'>propugnatorem</span> <span class='ocrx_word' id='word_1_139' title='bbox 1159 2220 1193 2266; x_wconf 87' lang='lat' dir='ltr'>se</span> <span class='ocrx_word' id='word_1_140' title='bbox 1214 2200 1313 2268; x_wconf 87' lang='lat' dir='ltr'>fuisse</span> <span class='ocrx_word' id='word_1_141' title='bbox 1336 2204 1418 2266; x_wconf 91' lang='lat' dir='ltr'>ueri-</span> 
     </span>
     <span class='ocr_line' id='line_1_19' title="bbox 280 2302 1415 2387; baseline 0.004 -20"><span class='ocrx_word' id='word_1_142' title='bbox 280 2304 358 2367; x_wconf 83' lang='lat' dir='ltr'>tatis</span> <span class='ocrx_word' id='word_1_143' title='bbox 383 2308 415 2367; x_wconf 84' lang='lat' dir='ltr'>et</span> <span class='ocrx_word' id='word_1_144' title='bbox 438 2302 514 2367; x_wconf 89' lang='lat' dir='ltr'>clari</span> <span class='ocrx_word' id='word_1_145' title='bbox 536 2303 681 2368; x_wconf 84' lang='lat' dir='ltr'>deserens</span> <span class='ocrx_word' id='word_1_146' title='bbox 697 2307 882 2369; x_wconf 84' lang='lat' dir='ltr'>ornamenta</span> <span class='ocrx_word' id='word_1_147' title='bbox 896 2305 1076 2369; x_wconf 78' lang='lat' dir='ltr'>certaminis</span> <span class='ocrx_word' id='word_1_148' title='bbox 1090 2305 1287 2387; x_wconf 85' lang='lat' dir='ltr'>triumphum</span> <span class='ocrx_word' id='word_1_149' title='bbox 1308 2323 1415 2381; x_wconf 86' lang='lat' dir='ltr'>suum,</span> 
     </span>
     <span class='ocr_line' id='line_1_20' title="bbox 280 2404 1415 2488; baseline 0.003 -20"><span class='ocrx_word' id='word_1_150' title='bbox 280 2422 372 2487; x_wconf 89' lang='lat' dir='ltr'>quem</span> <span class='ocrx_word' id='word_1_151' title='bbox 396 2404 453 2469; x_wconf 91' lang='lat' dir='ltr'>sub</span> <span class='ocrx_word' id='word_1_152' title='bbox 476 2406 627 2471; x_wconf 78' lang='lat' dir='ltr'>Basilisco</span> <span class='ocrx_word' id='word_1_153' title='bbox 649 2406 701 2488; x_wconf 92' lang='lat' dir='ltr'>pio</span> <span class='ocrx_word' id='word_1_154' title='bbox 724 2405 837 2471; x_wconf 90' lang='lat' dir='ltr'>sudore</span> <span class='ocrx_word' id='word_1_155' title='bbox 858 2411 1025 2486; x_wconf 85' lang='lat' dir='ltr'>meruerat,</span> <span class='ocrx_word' id='word_1_156' title='bbox 1049 2404 1235 2471; x_wconf 86' lang='lat' dir='ltr'>debellauit:</span> <span class='ocrx_word' id='word_1_157' title='bbox 1257 2407 1313 2488; x_wconf 91' lang='lat' dir='ltr'>qui</span> <span class='ocrx_word' id='word_1_158' title='bbox 1337 2406 1415 2471; x_wconf 88' lang='lat' dir='ltr'>solis</span> 
     </span>
     <span class='ocr_line' id='line_1_21' title="bbox 279 2507 1446 2591; baseline 0.003 -19"><span class='ocrx_word' id='word_1_159' title='bbox 279 2510 425 2590; x_wconf 88' lang='lat' dir='ltr'>praemiis</span> <span class='ocrx_word' id='word_1_160' title='bbox 448 2508 512 2572; x_wconf 93' lang='lat' dir='ltr'>suis</span> <span class='ocrx_word' id='word_1_161' title='bbox 535 2526 634 2589; x_wconf 88' lang='lat' dir='ltr'>paene</span> <span class='ocrx_word' id='word_1_162' title='bbox 650 2510 789 2591; x_wconf 90' lang='lat' dir='ltr'>tempore</span> <span class='ocrx_word' id='word_1_163' title='bbox 804 2507 979 2590; x_wconf 85' lang='lat' dir='ltr'>adeptionis</span> <span class='ocrx_word' id='word_1_164' title='bbox 1000 2509 1126 2587; x_wconf 75' lang='lat' dir='ltr'>inuidit</span> <span class='ocrx_word' id='word_1_165' title='bbox 1150 2528 1238 2591; x_wconf 89' lang='lat' dir='ltr'>spem</span> <span class='ocrx_word' id='word_1_166' title='bbox 1260 2512 1446 2575; x_wconf 57' lang='lat' dir='ltr'>bonorum»</span> 
     </span>
     <span class='ocr_line' id='line_1_22' title="bbox 278 2610 1414 2695; baseline 0.004 -20"><span class='ocrx_word' id='word_1_167' title='bbox 278 2610 438 2676; x_wconf 68' lang='lat' dir='ltr'>ductuum</span> <span class='ocrx_word' id='word_1_168' title='bbox 462 2610 611 2695; x_wconf 86' lang='lat' dir='ltr'>perfidius</span> <span class='ocrx_word' id='word_1_169' title='bbox 633 2610 713 2677; x_wconf 87' lang='lat' dir='ltr'>falce</span> <span class='ocrx_word' id='word_1_170' title='bbox 736 2612 906 2677; x_wconf 85' lang='lat' dir='ltr'>succidens.</span> <span class='ocrx_word' id='word_1_171' title='bbox 929 2611 1058 2694; x_wconf 62' lang='lat' dir='ltr'>manius</span> <span class='ocrx_word' id='word_1_172' title='bbox 1074 2612 1159 2678; x_wconf 90' lang='lat' dir='ltr'>enim</span> <span class='ocrx_word' id='word_1_173' title='bbox 1174 2616 1223 2679; x_wconf 89' lang='lat' dir='ltr'>est</span> <span class='ocrx_word' id='word_1_174' title='bbox 1244 2614 1414 2695; x_wconf 77' lang='lat' dir='ltr'>degustate</span> 
     </span>
     <span class='ocr_line' id='line_1_23' title="bbox 278 2714 1411 2798; baseline 0.003 -19"><span class='ocrx_word' id='word_1_175' title='bbox 278 2714 360 2779; x_wconf 84' lang='lat' dir='ltr'>bonu</span> <span class='ocrx_word' id='word_1_176' title='bbox 382 2732 477 2796; x_wconf 89' lang='lat' dir='ltr'>quam</span> <span class='ocrx_word' id='word_1_177' title='bbox 500 2715 620 2779; x_wconf 84' lang='lat' dir='ltr'>intaeta</span> <span class='ocrx_word' id='word_1_178' title='bbox 642 2714 795 2779; x_wconf 86' lang='lat' dir='ltr'>calcasse:</span> <span class='ocrx_word' id='word_1_179' title='bbox 818 2714 900 2779; x_wconf 88' lang='lat' dir='ltr'>nibil</span> <span class='ocrx_word' id='word_1_180' title='bbox 914 2714 1105 2781; x_wconf 80' lang='lat' dir='ltr'>defensionis</span> <span class='ocrx_word' id='word_1_181' title='bbox 1125 2720 1268 2798; x_wconf 88' lang='lat' dir='ltr'>superest</span> <span class='ocrx_word' id='word_1_182' title='bbox 1289 2715 1411 2782; x_wconf 88' lang='lat' dir='ltr'>bomini</span> 
     </span>
     <span class='ocr_line' id='line_1_24' title="bbox 277 2816 1411 2899; baseline 0.002 -18"><span class='ocrx_word' id='word_1_183' title='bbox 277 2819 348 2899; x_wconf 88' lang='lat' dir='ltr'>post</span> <span class='ocrx_word' id='word_1_184' title='bbox 371 2817 496 2881; x_wconf 88' lang='lat' dir='ltr'>dulcem</span> <span class='ocrx_word' id='word_1_185' title='bbox 518 2816 657 2882; x_wconf 85' lang='lat' dir='ltr'>iustiliae</span> <span class='ocrx_word' id='word_1_186' title='bbox 673 2834 816 2899; x_wconf 88' lang='lat' dir='ltr'>saporem</span> <span class='ocrx_word' id='word_1_187' title='bbox 832 2818 872 2881; x_wconf 91' lang='lat' dir='ltr'>ad</span> <span class='ocrx_word' id='word_1_188' title='bbox 888 2818 1049 2884; x_wconf 79' lang='lat' dir='ltr'>mortifero</span> <span class='ocrx_word' id='word_1_189' title='bbox 1065 2818 1270 2885; x_wconf 88' lang='lat' dir='ltr'>schismatum</span> <span class='ocrx_word' id='word_1_190' title='bbox 1291 2838 1411 2885; x_wconf 87' lang='lat' dir='ltr'>uenena</span> 
     </span>
     <span class='ocr_line' id='line_1_25' title="bbox 277 2919 1409 3003; baseline 0.003 -18"><span class='ocrx_word' id='word_1_191' title='bbox 277 2920 429 2985; x_wconf 86' lang='lat' dir='ltr'>redeunti.</span> <span class='ocrx_word' id='word_1_192' title='bbox 454 2920 493 2983; x_wconf 91' lang='lat' dir='ltr'>de</span> <span class='ocrx_word' id='word_1_193' title='bbox 514 2919 563 2984; x_wconf 88' lang='lat' dir='ltr'>bis</span> <span class='ocrx_word' id='word_1_194' title='bbox 586 2937 667 3001; x_wconf 89' lang='lat' dir='ltr'>quae</span> <span class='ocrx_word' id='word_1_195' title='bbox 682 2921 815 3002; x_wconf 86' lang='lat' dir='ltr'>praefati</span> <span class='ocrx_word' id='word_1_196' title='bbox 837 2938 946 2985; x_wconf 91' lang='lat' dir='ltr'>sumus</span> <span class='ocrx_word' id='word_1_197' title='bbox 970 2925 1082 2987; x_wconf 89' lang='lat' dir='ltr'>natum</span> <span class='ocrx_word' id='word_1_198' title='bbox 1096 2926 1154 2999; x_wconf 87' lang='lat' dir='ltr'>est,</span> <span class='ocrx_word' id='word_1_199' title='bbox 1177 2923 1258 3003; x_wconf 87' lang='lat' dir='ltr'>quod</span> <span class='ocrx_word' id='word_1_200' title='bbox 1280 2924 1313 2987; x_wconf 90' lang='lat' dir='ltr'>in</span> <span class='ocrx_word' id='word_1_201' title='bbox 1329 2922 1409 2989; x_wconf 84' lang='lat' dir='ltr'>Con-</span> 
     </span>
     <span class='ocr_line' id='line_1_26' title="bbox 277 3021 1439 3110; baseline 0.003 -23"><span class='ocrx_word' id='word_1_202' title='bbox 277 3021 559 3103; x_wconf 78' lang='lat' dir='ltr'>sunrnopolitana</span> <span class='ocrx_word' id='word_1_203' title='bbox 581 3040 679 3103; x_wconf 91' lang='lat' dir='ltr'>nuper</span> <span class='ocrx_word' id='word_1_204' title='bbox 702 3022 833 3087; x_wconf 86' lang='lat' dir='ltr'>ecclesia</span> <span class='ocrx_word' id='word_1_205' title='bbox 848 3022 949 3089; x_wconf 84' lang='lat' dir='ltr'>fertur</span> <span class='ocrx_word' id='word_1_206' title='bbox 963 3022 1148 3089; x_wconf 88' lang='lat' dir='ltr'>admissum.</span> <span class='ocrx_word' id='word_1_207' title='bbox 1172 3025 1255 3090; x_wconf 89' lang='lat' dir='ltr'>unde</span> <span class='ocrx_word' id='word_1_208' title='bbox 1269 3026 1439 3110; x_wconf 69' lang='lat' dir='ltr'>patimurss</span> 
     </span>
    </p>
   </div>
   <div class='ocr_carea' id='block_1_3' title="bbox 378 3192 996 3261">
    <p class='ocr_par' dir='ltr' id='par_1_3' title="bbox 378 3192 996 3261">
     <span class='ocr_line' id='line_1_27' title="bbox 378 3192 996 3261; baseline 0.005 -14"><span class='ocrx_word' id='word_1_209' title='bbox 378 3194 396 3247; x_wconf 82' lang='lat'>4</span> <span class='ocrx_word' id='word_1_210' title='bbox 418 3192 452 3246; x_wconf 86' lang='lat' dir='ltr'>cf.</span> <span class='ocrx_word' id='word_1_211' title='bbox 471 3192 567 3261; x_wconf 82' lang='lat' dir='ltr'>Ephss.</span> <span class='ocrx_word' id='word_1_212' title='bbox 586 3194 611 3257; x_wconf 80' lang='lat'>5,</span> <span class='ocrx_word' id='word_1_213' title='bbox 629 3194 662 3247; x_wconf 81' lang='lat'>27</span> <span class='ocrx_word' id='word_1_214' title='bbox 769 3192 801 3247; x_wconf 79' lang='lat'>12</span> <span class='ocrx_word' id='word_1_215' title='bbox 823 3192 900 3249; x_wconf 81' lang='lat' dir='ltr'>Rom</span> <span class='ocrx_word' id='word_1_216' title='bbox 918 3195 943 3261; x_wconf 84' lang='lat'>8,</span> <span class='ocrx_word' id='word_1_217' title='bbox 964 3196 996 3250; x_wconf 87' lang='lat'>18</span> 
     </span>
    </p>
   </div>
   <div class='ocr_carea' id='block_1_4' title="bbox 272 3312 1403 3868">
    <p class='ocr_par' dir='ltr' id='par_1_4' title="bbox 272 3312 1403 3868">
     <span class='ocr_line' id='line_1_28' title="bbox 330 3312 1403 3421; baseline 0.009 -22"><span class='ocrx_word' id='word_1_218' title='bbox 330 3312 500 3401; x_wconf 75' lang='lat' dir='ltr'>lstud&#39;orum</span> <span class='ocrx_word' id='word_1_219' title='bbox 519 3348 547 3401; x_wconf 99' lang='grc' dir='ltr'><strong><em>Β</em></strong></span> <span class='ocrx_word' id='word_1_220' title='bbox 649 3350 855 3405; x_wconf 76' lang='lat' dir='ltr'>&#39;2udherentem</span> <span class='ocrx_word' id='word_1_221' title='bbox 874 3350 929 3405; x_wconf 87' lang='lat' dir='ltr'>BL</span> <span class='ocrx_word' id='word_1_222' title='bbox 1029 3352 1139 3421; x_wconf 84' lang='lat' dir='ltr'>pobeato</span> <span class='ocrx_word' id='word_1_223' title='bbox 1158 3352 1185 3407; x_wconf 84' lang='lat' dir='ltr'><strong><em>L</em></strong></span> <span class='ocrx_word' id='word_1_224' title='bbox 1288 3328 1403 3409; x_wconf 59' lang='lat' dir='ltr'>&amp;tanet</span> 
     </span>
     <span class='ocr_line' id='line_1_29' title="bbox 275 3430 1338 3504; baseline 0.009 -19"><span class='ocrx_word' id='word_1_225' title='bbox 275 3430 302 3485; x_wconf 75' lang='lat' dir='ltr'><strong><em>L</em></strong></span> <span class='ocrx_word' id='word_1_226' title='bbox 397 3449 450 3488; x_wconf 89' lang='lat' dir='ltr'>non</span> <span class='ocrx_word' id='word_1_227' title='bbox 468 3434 527 3501; x_wconf 83' lang='lat' dir='ltr'>(alt.</span> <span class='ocrx_word' id='word_1_228' title='bbox 545 3450 562 3487; x_wconf 94' lang='lat' dir='ltr'>n</span> <span class='ocrx_word' id='word_1_229' title='bbox 581 3436 613 3489; x_wconf 78' lang='lat' dir='ltr'>iu</span> <span class='ocrx_word' id='word_1_230' title='bbox 630 3438 697 3504; x_wconf 78' lang='lat' dir='ltr'>rus.)</span> <span class='ocrx_word' id='word_1_231' title='bbox 716 3436 743 3490; x_wconf 84' lang='lat' dir='ltr'><strong><em>L</em></strong></span> <span class='ocrx_word' id='word_1_232' title='bbox 840 3438 984 3492; x_wconf 76' lang='lat' dir='ltr'>landerro</span> <span class='ocrx_word' id='word_1_233' title='bbox 1001 3440 1049 3494; x_wconf 88' lang='lat' dir='ltr'>Pb</span> <span class='ocrx_word' id='word_1_234' title='bbox 1143 3440 1292 3494; x_wconf 81' lang='lat' dir='ltr'>berintum</span> <span class='ocrx_word' id='word_1_235' title='bbox 1311 3442 1338 3495; x_wconf 95' lang='grc' dir='ltr'><strong><em>Β</em></strong></span> 
     </span>
     <span class='ocr_line' id='line_1_30' title="bbox 274 3505 1338 3592; baseline 0.011 -22"><span class='ocrx_word' id='word_1_236' title='bbox 274 3512 487 3587; x_wconf 53' lang='lat' dir='ltr'>oneremus,</span> <span class='ocrx_word' id='word_1_237' title='bbox 506 3518 677 3575; x_wconf 59' lang='lat' dir='ltr'>oraremus</span> <span class='ocrx_word' id='word_1_238' title='bbox 772 3505 912 3592; x_wconf 45' lang='lat' dir='ltr'>quade</span> <span class='ocrx_word' id='word_1_239' title='bbox 997 3524 1338 3582; x_wconf 63' lang='lat' dir='ltr'>erumnarum</span> 
     </span>
     <span class='ocr_line' id='line_1_31' title="bbox 274 3601 1402 3680; baseline 0.011 -25"><span class='ocrx_word' id='word_1_240' title='bbox 274 3601 413 3670; x_wconf 78' lang='lat' dir='ltr'>&#39;iprestat</span> <span class='ocrx_word' id='word_1_241' title='bbox 431 3603 460 3658; x_wconf 91' lang='lat' dir='ltr'><em>B</em></span> <span class='ocrx_word' id='word_1_242' title='bbox 555 3608 672 3661; x_wconf 89' lang='lat' dir='ltr'>sscintur</span> <span class='ocrx_word' id='word_1_243' title='bbox 690 3607 718 3662; x_wconf 92' lang='grc' dir='ltr'><strong><em>Β</em></strong></span> <span class='ocrx_word' id='word_1_244' title='bbox 816 3609 951 3663; x_wconf 73' lang='lat' dir='ltr'>tiresiam</span> <span class='ocrx_word' id='word_1_245' title='bbox 968 3608 1038 3664; x_wconf 87' lang='lat' dir='ltr'>BV¹</span> <span class='ocrx_word' id='word_1_246' title='bbox 1137 3611 1171 3665; x_wconf 90' lang='lat'>10</span> <span class='ocrx_word' id='word_1_247' title='bbox 1187 3610 1331 3680; x_wconf 86' lang='lat' dir='ltr'>dequibus</span> <span class='ocrx_word' id='word_1_248' title='bbox 1347 3612 1402 3678; x_wconf 81' lang='lat' dir='ltr'>Bb,</span> 
     </span>
     <span class='ocr_line' id='line_1_32' title="bbox 273 3681 1401 3785; baseline 0.012 -27"><span class='ocrx_word' id='word_1_249' title='bbox 273 3703 358 3774; x_wconf 89' lang='lat' dir='ltr'>deque</span> <span class='ocrx_word' id='word_1_250' title='bbox 381 3704 491 3763; x_wconf 83' lang='lat' dir='ltr'><strong><em>LPTV</em></strong></span> <span class='ocrx_word' id='word_1_251' title='bbox 591 3714 694 3764; x_wconf 85' lang='lat' dir='ltr'>mortae</span> <span class='ocrx_word' id='word_1_252' title='bbox 717 3710 745 3765; x_wconf 93' lang='lat' dir='ltr'><strong><em>B</em></strong></span> <span class='ocrx_word' id='word_1_253' title='bbox 850 3714 882 3765; x_wconf 91' lang='lat' dir='ltr'>ll</span> <span class='ocrx_word' id='word_1_254' title='bbox 906 3681 1058 3782; x_wconf 54' lang='lat' dir='ltr'>potestibus</span> <span class='ocrx_word' id='word_1_255' title='bbox 1078 3714 1117 3780; x_wconf 92' lang='grc' dir='ltr'>Β,</span> <span class='ocrx_word' id='word_1_256' title='bbox 1145 3717 1332 3785; x_wconf 84' lang='lat' dir='ltr'>potentatibus</span> <span class='ocrx_word' id='word_1_257' title='bbox 1349 3718 1401 3783; x_wconf 86' lang='lat' dir='ltr'>Pb,</span> 
     </span>
     <span class='ocr_line' id='line_1_33' title="bbox 272 3792 1400 3868; baseline 0.012 -24"><span class='ocrx_word' id='word_1_258' title='bbox 272 3792 428 3859; x_wconf 88' lang='lat' dir='ltr'>potentibus</span> <span class='ocrx_word' id='word_1_259' title='bbox 442 3794 524 3850; x_wconf 74' lang='lat' dir='ltr'>Sim</span> <span class='ocrx_word' id='word_1_260' title='bbox 619 3796 652 3851; x_wconf 88' lang='lat'>13</span> <span class='ocrx_word' id='word_1_261' title='bbox 664 3796 835 3867; x_wconf 86' lang='lat' dir='ltr'>passionisB</span> <span class='ocrx_word' id='word_1_262' title='bbox 920 3802 1144 3868; x_wconf 88' lang='lat' dir='ltr'>superuenturum</span> <span class='ocrx_word' id='word_1_263' title='bbox 1157 3802 1195 3856; x_wconf 72' lang='grc' dir='ltr'><em>Π</em></span> <span class='ocrx_word' id='word_1_264' title='bbox 1288 3806 1321 3858; x_wconf 80' lang='lat'>14</span> <span class='ocrx_word' id='word_1_265' title='bbox 1333 3804 1400 3858; x_wconf 82' lang='lat' dir='ltr'>flurs</span> 
     </span>
    </p>
   </div>
   <div class='ocr_carea' id='block_1_5' title="bbox 271 3878 1400 4043">
    <p class='ocr_par' dir='ltr' id='par_1_5' title="bbox 271 3878 1400 4043">
     <span class='ocr_line' id='line_1_34' title="bbox 271 3878 1400 3955; baseline 0.014 -25"><span class='ocrx_word' id='word_1_266' title='bbox 271 3878 364 3931; x_wconf 90' lang='lat' dir='ltr'>—diro</span> <span class='ocrx_word' id='word_1_267' title='bbox 391 3894 441 3933; x_wconf 84' lang='lat' dir='ltr'>om.</span> <span class='ocrx_word' id='word_1_268' title='bbox 466 3880 506 3933; x_wconf 80' lang='grc' dir='ltr'>Βι</span> <span class='ocrx_word' id='word_1_269' title='bbox 529 3881 594 3936; x_wconf 78' lang='lat' dir='ltr'>add.</span> <span class='ocrx_word' id='word_1_270' title='bbox 613 3898 683 3938; x_wconf 82' lang='lat' dir='ltr'>corr.</span> <span class='ocrx_word' id='word_1_271' title='bbox 702 3884 733 3938; x_wconf 82' lang='lat' dir='ltr'>iu</span> <span class='ocrx_word' id='word_1_272' title='bbox 750 3900 803 3954; x_wconf 79' lang='lat' dir='ltr'>rap.</span> <span class='ocrx_word' id='word_1_273' title='bbox 907 3885 939 3939; x_wconf 90' lang='grc'>16</span> <span class='ocrx_word' id='word_1_274' title='bbox 963 3884 1095 3940; x_wconf 85' lang='lat' dir='ltr'>dilectant</span> <span class='ocrx_word' id='word_1_275' title='bbox 1117 3887 1145 3942; x_wconf 92' lang='grc' dir='ltr'><strong><em>Β</em></strong></span> <span class='ocrx_word' id='word_1_276' title='bbox 1249 3890 1361 3945; x_wconf 77' lang='lat' dir='ltr'>Aeacius</span> <span class='ocrx_word' id='word_1_277' title='bbox 1377 3894 1400 3955; x_wconf 88' lang='lat' dir='ltr'>b,</span> 
     </span>
     <span class='ocr_line' id='line_1_35' title="bbox 271 3964 1334 4043; baseline 0.014 -26"><span class='ocrx_word' id='word_1_278' title='bbox 271 3964 408 4018; x_wconf 79' lang='lat' dir='ltr'>aocachins</span> <span class='ocrx_word' id='word_1_279' title='bbox 436 3966 475 4032; x_wconf 88' lang='lat' dir='ltr'>B,</span> <span class='ocrx_word' id='word_1_280' title='bbox 505 3968 630 4023; x_wconf 84' lang='lat' dir='ltr'>aeschine</span> <span class='ocrx_word' id='word_1_281' title='bbox 658 3968 722 4036; x_wconf 83' lang='lat' dir='ltr'>LV,</span> <span class='ocrx_word' id='word_1_282' title='bbox 753 3968 875 4024; x_wconf 80' lang='lat' dir='ltr'>achatius</span> <span class='ocrx_word' id='word_1_283' title='bbox 903 3970 939 4034; x_wconf 71' lang='lat'>2⁷3</span> <span class='ocrx_word' id='word_1_284' title='bbox 970 3970 1106 4027; x_wconf 87' lang='lat' dir='ltr'>subiacuit</span> <span class='ocrx_word' id='word_1_285' title='bbox 1125 3975 1243 4029; x_wconf 73' lang='lat' dir='ltr'>..leucius</span> <span class='ocrx_word' id='word_1_286' title='bbox 1267 3978 1334 4043; x_wconf 80' lang='lat' dir='ltr'>sort.</span> 
     </span>
    </p>
   </div>
   <div class='ocr_carea' id='block_1_6' title="bbox 269 4054 1397 4389">
    <p class='ocr_par' dir='ltr' id='par_1_6' title="bbox 269 4054 1397 4389">
     <span class='ocr_line' id='line_1_36' title="bbox 270 4054 1334 4135; baseline 0.017 -17"><span class='ocrx_word' id='word_1_287' title='bbox 270 4064 330 4119; x_wconf 72' lang='lat' dir='ltr'>uua</span> <span class='ocrx_word' id='word_1_288' title='bbox 351 4065 388 4121; x_wconf 81' lang='lat' dir='ltr'>V¹</span> <span class='ocrx_word' id='word_1_289' title='bbox 492 4070 525 4123; x_wconf 84' lang='lat' dir='ltr'>rs</span> <span class='ocrx_word' id='word_1_290' title='bbox 548 4070 690 4127; x_wconf 74' lang='lat' dir='ltr'>triumfum</span> <span class='ocrx_word' id='word_1_291' title='bbox 708 4072 736 4129; x_wconf 83' lang='lat' dir='ltr'>u</span> <span class='ocrx_word' id='word_1_292' title='bbox 791 4074 872 4127; x_wconf 87' lang='lat' dir='ltr'>·1s</span> <span class='ocrx_word' id='word_1_293' title='bbox 890 4054 1008 4130; x_wconf 62' lang='lat' dir='ltr'>”arnse</span> <span class='ocrx_word' id='word_1_294' title='bbox 1031 4076 1059 4131; x_wconf 83' lang='lat' dir='ltr'>n</span> <span class='ocrx_word' id='word_1_295' title='bbox 1161 4080 1283 4135; x_wconf 68' lang='lat' dir='ltr'>aureum</span> <span class='ocrx_word' id='word_1_296' title='bbox 1307 4080 1334 4134; x_wconf 83' lang='lat' dir='ltr'>a</span> 
     </span>
     <span class='ocr_line' id='line_1_37' title="bbox 270 4148 1397 4237; baseline 0.019 -34"><span class='ocrx_word' id='word_1_297' title='bbox 270 4148 347 4220; x_wconf 85' lang='lat' dir='ltr'>solis]</span> <span class='ocrx_word' id='word_1_298' title='bbox 365 4152 458 4207; x_wconf 82' lang='lat' dir='ltr'>solidis</span> <span class='ocrx_word' id='word_1_299' title='bbox 475 4155 541 4221; x_wconf 75' lang='lat' dir='ltr'>sort.</span> <span class='ocrx_word' id='word_1_300' title='bbox 637 4158 671 4213; x_wconf 74' lang='lat'>20</span> <span class='ocrx_word' id='word_1_301' title='bbox 689 4159 798 4227; x_wconf 85' lang='lat' dir='ltr'>premiis</span> <span class='ocrx_word' id='word_1_302' title='bbox 815 4158 843 4213; x_wconf 92' lang='grc' dir='ltr'><strong><em>Β</em></strong></span> <span class='ocrx_word' id='word_1_303' title='bbox 937 4177 1003 4231; x_wconf 88' lang='lat' dir='ltr'>pene</span> <span class='ocrx_word' id='word_1_304' title='bbox 1021 4163 1085 4218; x_wconf 72' lang='lat' dir='ltr'>libri</span> <span class='ocrx_word' id='word_1_305' title='bbox 1178 4165 1281 4221; x_wconf 87' lang='lat' dir='ltr'>inuidit</span> <span class='ocrx_word' id='word_1_306' title='bbox 1297 4168 1397 4237; x_wconf 82' lang='lat' dir='ltr'>scripsi,</span> 
     </span>
     <span class='ocr_line' id='line_1_38' title="bbox 269 4236 1333 4319; baseline 0.02 -31"><span class='ocrx_word' id='word_1_307' title='bbox 269 4236 376 4292; x_wconf 88' lang='lat' dir='ltr'>inuidet</span> <span class='ocrx_word' id='word_1_308' title='bbox 388 4238 452 4294; x_wconf 79' lang='lat' dir='ltr'>labri</span> <span class='ocrx_word' id='word_1_309' title='bbox 543 4242 709 4299; x_wconf 75' lang='lat' dir='ltr'>moruorum</span> <span class='ocrx_word' id='word_1_310' title='bbox 722 4243 758 4309; x_wconf 91' lang='grc' dir='ltr'>Β,</span> <span class='ocrx_word' id='word_1_311' title='bbox 777 4244 919 4301; x_wconf 64' lang='lat' dir='ltr'>fruude</span> <span class='ocrx_word' id='word_1_312' title='bbox 1013 4248 1173 4319; x_wconf 86' lang='lat' dir='ltr'>perfidie(di</span> <span class='ocrx_word' id='word_1_313' title='bbox 1186 4252 1333 4319; x_wconf 73' lang='lat' dir='ltr'>iaroslb</span> 
     </span>
     <span class='ocr_line' id='line_1_39' title="bbox 269 4322 947 4389; baseline 0.018 -12"><span class='ocrx_word' id='word_1_314' title='bbox 269 4322 303 4377; x_wconf 79' lang='lat'>23</span> <span class='ocrx_word' id='word_1_315' title='bbox 321 4326 477 4381; x_wconf 81' lang='lat' dir='ltr'>scismatum</span> <span class='ocrx_word' id='word_1_316' title='bbox 495 4328 635 4385; x_wconf 81' lang='lat' dir='ltr'><strong><em>BLPTV</em></strong></span> <span class='ocrx_word' id='word_1_317' title='bbox 733 4332 768 4387; x_wconf 79' lang='lat'>25</span> <span class='ocrx_word' id='word_1_318' title='bbox 784 4332 848 4387; x_wconf 90' lang='lat' dir='ltr'>inde</span> <span class='ocrx_word' id='word_1_319' title='bbox 865 4332 947 4389; x_wconf 79' lang='lat' dir='ltr'>Sirra.</span> 
     </span>
    </p>
   </div>
   <div class='ocr_carea' id='block_1_7' title="bbox 0 0 1500 4967">
    <p class='ocr_par' dir='ltr' id='par_1_7' title="bbox 0 0 1500 4967">
     <span class='ocr_line' id='line_1_40' title="bbox 0 0 1500 4967; baseline 0 6"><span class='ocrx_word' id='word_1_320' title='bbox 0 0 1500 4967; x_wconf 95' lang='lat' dir='ltr'> </span> 
     </span>
    </p>
   </div>
  </div>
 </body>
</html>
