2992 4967
266 353 308 418 54
624 347 738 417 Magni
751 347 883 402 ¹Felicis
900 347 1028 402 Ennodi

265 539 444 612 aestiment,
468 537 495 604 si
510 540 682 620 sequantur
697 555 758 620 quo
779 537 933 620 pertrahit
945 539 1043 605 oratio
1060 538 1218 622 lupariosa
1234 540 1390 623 captiuos.

265 642 336 709 huic
365 659 420 727 ego
450 641 590 725 liuguae,
625 640 673 706 his
696 639 805 724 opibus
833 641 1058 722 reuerentiam,
1081 642 1195 722 fateor,
1212 699 1215 707 .
1230 646 1269 710 acl
1293 659 1392 726 quam

264 745 384 830 primus
406 745 538 823 cucurri,
560 745 657 812 debeo
680 745 881 828 singularem.
911 746 944 810 et
965 749 1037 828 opto
1060 763 1128 812 esse
1150 746 1392 831 plurimaquae

265 849 345 915 mihi
368 849 407 914 ao
429 849 570 915 caritatis
593 847 721 916 fibulam
742 850 865 934 agendo
885 850 1084 916 mandentur.
1106 851 1161 916 sed
1182 867 1262 933 quae
1283 849 1392 914 iniun-

265 953 355 1018 xistis
378 953 416 1018 de
438 951 595 1036 religiosis
611 951 736 1018 leminis
753 952 899 1036 Speciosa
916 955 949 1019 et
962 952 1118 1035 germanis
1142 952 1218 1034 sins,
1241 952 1325 1019 male
1341 955 1393 1020 est
1417 973 1431 1010 s

264 1055 367 1122 animo
390 1054 472 1137 qood
494 1055 612 1138 inplere
633 1072 696 1120 uon
709 1055 808 1138 potui.
832 1055 915 1122 nihil
936 1057 1020 1122 enim
1042 1058 1217 1123 nuncmihi
1234 1056 1393 1122 cumillis

266 1159 425 1224 residuum
448 1162 494 1226 ost
517 1157 744 1226 familiaritatis
767 1162 824 1226 ant
844 1159 994 1244 pignoris,
1016 1161 1152 1227 manime
1173 1161 1246 1244 quia
1267 1161 1302 1227 iu
1324 1160 1392 1226 dis·

267 1262 382 1328 iunctis
399 1261 580 1330 ciuitatibus
595 1262 720 1346 degunt.
745 1264 785 1330 ad
799 1282 877 1346 quas
891 1266 998 1330 omen
1013 1263 1125 1330 missas
1142 1265 1181 1329 ad
1196 1283 1248 1330 me
1262 1263 1392 1330 litteras

267 1384 337 1432 mox
360 1365 466 1439 direxi,
489 1383 567 1448 quac
590 1383 771 1449 responsum
796 1385 892 1449 usque
913 1367 954 1432 ao
978 1366 1034 1432 illa
1056 1367 1168 1450 quibos
1190 1386 1222 1432 ss
1245 1365 1394 1432 uiderent

266 1473 406 1552 tempora
420 1470 626 1552 protulerunt.
662 1488 719 1554 ego
735 1489 775 1536 ne
790 1470 1040 1552 magnitudinem
1051 1473 1190 1534 uestram
1205 1486 1391 1552 suspensam
1403 1491 1428 1528 so

267 1575 420 1648 tenerem,
455 1572 570 1655 scripto
595 1573 776 1656 prorogaui:
810 1591 882 1638 mox
902 1572 943 1636 ad
970 1590 1026 1638 uos
1054 1572 1229 1653 perueniat,
1263 1571 1392 1653 siquid

268 1677 501 1757 mandaueriut,
524 1674 604 1757 qood
626 1673 726 1740 libeat
747 1674 889 1742 indicari.
923 1693 1007 1740 nunc
1020 1673 1286 1740 honorificentiam
1309 1676 1394 1740 salu·

265 1777 394 1846 tationis
417 1779 586 1861 inpertieus
609 1796 693 1862 rogo,
716 1781 753 1844 ut
766 1778 845 1844 mihi
860 1779 961 1862 magis
976 1796 1048 1845 cum
1064 1777 1195 1844 ecclesia
1209 1777 1393 1844 sublimitas

265 1883 371 1948 uestra
391 1883 418 1946 si
439 1899 500 1964 qua
522 1883 596 1948 sont
611 1886 738 1964 agenda,
759 1882 935 1959 conmittat,
950 1882 1025 1964 quia
1038 1884 1114 1964 puto
1128 1898 1179 1946 me
1193 1880 1227 1946 iu
1238 1880 1392 1946 adfinium

266 1985 441 2050 uestrarum
476 2003 568 2050 causa
597 1985 647 2049 uel
678 1988 836 2052 matronae
869 1987 962 2050 amici
992 1985 1074 2050 circa
1102 2002 1158 2049 uos
1192 1983 1393 2070 diligentiam
1403 2007 1427 2047 rs

266 2087 397 2170 pectoris
421 2104 482 2152 non
504 2087 630 2154 celasse.

774 2275 881 2342 XIIII.

744 2411 905 2468 AERIS.

307 2533 445 2600 Lucrum
468 2531 600 2599 forsitan
624 2538 750 2618 putaret
772 2535 935 2613 iuimicus,
968 2537 997 2600 si
1018 2537 1102 2601 inter
1124 2537 1278 2620 pericula,
1311 2555 1389 2620 quae

266 2637 453 2705 Christianis
468 2637 587 2716 indixit,
616 2639 809 2706 credentium
825 2641 944 2704 animos
960 2639 1136 2724 subegisset
1149 2644 1182 2706 et
1198 2659 1254 2725 per
1264 2641 1426 2706 diuersas

264 2741 382 2808 domini
404 2763 498 2829 grege
519 2746 653 2825 disperso
677 2762 737 2809 non
762 2748 935 2824 superesset
950 2742 1002 2809 uel
1016 2745 1100 2809 iuter
1114 2762 1226 2827 paucos
1242 2744 1389 2827 aquibus

265 2849 363 2932 possit
388 2847 448 2914 lide
474 2851 694 2931 perseuerante
717 2848 841 2912 calcari.
871 2849 983 2933 regnat
1005 2847 1184 2915 adhucillo
1206 2850 1238 2913 in
1261 2867 1389 2916 numero

264 2955 389 3030 nestro,
427 2955 480 3034 qui
511 2951 570 3017 sibi
594 2969 656 3016 nou
677 2953 743 3015 tam
766 2951 799 3015 in
822 2949 1024 3017 multitudine
1047 2969 1141 3034 qoam
1170 2951 1205 3016 in
1227 2950 1390 3019 deuotione

267 3052 454 3137 conplacuit.
485 3055 636 3137 scriptum
659 3055 740 3119 euim
764 3057 810 3120 est
832 3054 939 3120 datam
961 3054 1093 3122 munos
1115 3059 1325 3138 potestatem,
1353 3061 1389 3122 ut

266 3175 371 3223 seruos
394 3155 514 3221 Christi
536 3157 707 3237 cribraret,
741 3162 777 3223 ut
805 3158 885 3240 quod
914 3158 952 3223 de
985 3158 1090 3224 tritico
1118 3159 1254 3224 inueniri
1281 3161 1389 3241 posset
1398 3184 1422 3223 ss

267 3261 385 3326 horreis
399 3259 590 3346 iungeretur,
614 3263 694 3344 quod
710 3264 747 3327 de
761 3262 861 3344 paleis
876 3263 915 3328 acl
930 3264 1051 3346 ignium
1066 3254 1215 3330 alimenti
1230 3263 1387 3328 transiret.

269 3363 308 3428 ad
331 3380 386 3428 uos
416 3363 592 3446 specialiter
614 3363 735 3429 dictum
758 3365 820 3431 est:
853 3363 985 3430 nolite
1015 3365 1172 3444 timere,
1206 3365 1386 3449 pusillus

365 3549 399 3603 27
427 3548 490 3604 Luc.
512 3549 551 3616 12,
569 3549 603 3603 32

315 3722 329 3774 l
348 3721 490 3775 estimatur
509 3719 544 3774 T·
561 3727 593 3774 ut
605 3719 718 3774 cicerae
820 3735 888 3789 quo·
905 3720 930 3774 T
1030 3723 1078 3773 oio
1095 3719 1128 3774 ἐπ
1144 3736 1194 3790 rap
1211 3720 1276 3775 odd.
1298 3721 1324 3776 T

264 3807 385 3876 captiuus
404 3808 432 3862 B
542 3808 560 3861 2
582 3807 640 3876 ego]
659 3822 723 3876 ergo
742 3805 825 3862 Sim
927 3807 946 3860 4
966 3805 1075 3860 flbolsm
1092 3806 1120 3860 B
1223 3806 1256 3860 14
1279 3806 1305 3860 si
1322 3821 1387 3875 quae

264 3893 280 3947 b
378 3893 409 3946 16
428 3893 567 3961 pec-otonis
585 3892 624 3958 L,
651 3893 796 3962 peccatoris
817 3892 880 3947 TV¹

315 4012 408 4068 XIIII.
444 4014 476 4069 18
502 4013 567 4068 siris
589 4029 640 4070 oar.
669 4015 719 4080 T¹,·
752 4013 904 4070 rohortstio
927 4015 962 4068 sd
985 4013 1164 4069 cromnam
1188 4011 1253 4068 ora
1277 4029 1311 4067 aa
1336 4028 1385 4067 rec.

268 4099 293 4154 T
377 4099 411 4154 22
429 4102 520 4169 posset
532 4101 598 4168 fort.
684 4099 719 4154 23
736 4100 785 4170 qui
796 4099 849 4154 sibi
862 4115 916 4152 non
927 4101 985 4154 taur
1001 4101 1066 4154 Tira
1078 4115 1133 4156 ros.
1145 4103 1210 4154 nat
1295 4099 1330 4154 24
1346 4115 1385 4154 sa·

266 4191 328 4241 tane
342 4187 404 4254 BL,
432 4187 543 4242 sathana
561 4186 616 4242 PT
711 4187 745 4242 25
763 4187 877 4242 cribaret
895 4186 973 4241 B¹V¹
1071 4187 1111 4257 ut]
1129 4190 1158 4240 ct
1175 4187 1202 4240 B
1301 4191 1385 4256 posset

265 4273 357 4339 Siros,
385 4275 469 4342 possit
486 4272 644 4329 BLPTVh
747 4273 782 4328 26
801 4273 902 4343 horreis
920 4273 947 4327 L
1048 4273 1172 4343 iugulum
1189 4271 1217 4326 Ιι
