2992 4967
259 364 320 430 184
612 362 727 429 Magni
746 358 874 415 Felicis
891 360 1022 415 Ennodi

257 554 347 636 sciro,
370 554 462 636 quia,
486 554 627 636 quamuis
650 570 668 617 a
689 572 740 617 me
763 549 932 635 numquam
955 552 999 617 sis
1021 552 1118 633 uisas
1134 552 1326 636 cognosceris
1350 557 1382 617 et

256 656 421 725 adorandis
434 658 552 721 inserta
563 655 772 721 monumentis
783 657 887 721 radice
899 656 996 721 animi
1008 655 1073 721 iam
1087 658 1212 723 teneris.
1227 658 1382 739 scriptum

257 760 320 837 est,
352 758 538 824 meministi:
561 758 731 823 laudent
753 762 790 823 te
811 760 1068 842 proximitui.
1111 778 1185 824 uero
1207 761 1275 824 sola
1301 759 1382 823 milri

258 860 372 927 uellem
396 880 490 927 causa
512 862 657 926 existeret
680 860 800 929 Galliae
824 862 995 943 expetendi,
1024 864 1060 926 ut
1081 874 1153 927 cum
1176 862 1287 926 domno
1311 880 1381 926 meo

255 964 452 1049 presbytero,
482 964 605 1047 utrique
628 964 803 1029 osculantes
825 982 936 1028 manus
959 964 991 1027 et
1013 963 1119 1029 oculos
1140 965 1221 1042 tuos,
1253 965 1419 1030 beatams

256 1072 288 1131 te
322 1071 355 1134 in
383 1068 494 1151 queuis
524 1066 699 1134 adflictione
732 1068 881 1150 temporis
913 1066 1123 1133 redderemus.
1167 1068 1293 1132 domina
1325 1071 1380 1145 mi,

260 1174 387 1255 propter
409 1175 489 1255 quod
511 1172 683 1238 mittuntur
697 1170 856 1255 epistolae,
880 1188 1004 1253 corpore
1018 1189 1070 1235 me
1083 1170 1189 1235 ualere
1203 1171 1382 1255 significans

258 1277 474 1360 prosperitatis
501 1278 625 1342 uestrae
648 1274 766 1340 statum
788 1276 926 1357 requim‚
956 1274 1123 1356 deprecans
1152 1278 1183 1337 et
1211 1293 1265 1357 per
1286 1276 1383 1340 deum

259 1378 435 1459 coniurans,
465 1398 504 1444 ne
527 1396 676 1461 umquam
698 1378 777 1441 mihi
799 1378 974 1442 orationum
1000 1378 1175 1441 uestramm
1202 1378 1383 1443 adiumenta

259 1482 429 1565 denegetis.
1393 1504 1419 1544 ro

783 1600 853 1666 XV.

626 1737 810 1793 ENNODIVS
835 1736 1011 1794 Adrestae.

299 1844 363 1909 Deo
386 1842 521 1925 gratias,
550 1843 605 1924 qni
633 1842 715 1907 circa
742 1841 989 1924 magnitudinem
1017 1845 1154 1907 uestram
1177 1842 1249 1906 licet
1271 1846 1381 1925 protu-

258 1946 333 2011 lerit
347 1946 463 2030 cupita,
479 1964 540 2011 non
555 1944 701 2027 reppulit.
725 1946 840 2009 etenim
855 1964 893 2009 ne
910 1944 985 2009 fides
997 1944 1149 2011 claudicet
1164 1943 1381 2027 supplicantis,

257 2049 409 2115 desideria
433 2047 627 2130 differuntur,
650 2049 724 2130 quie
747 2049 931 2113 deuenustat
957 2052 1120 2113 secuturae
1142 2046 1310 2112 hilaritatis
1325 2065 1417 2129 gem

257 2154 345 2218 nium
366 2152 457 2218 uelox
478 2151 668 2234 impetratio.
697 2152 730 2216 et
752 2169 807 2217 uos
833 2152 960 2233 quidem
982 2151 1111 2215 honores
1135 2150 1293 2228 meruisse,
1317 2169 1381 2216 non

257 2257 380 2337 optasse
403 2254 604 2321 manifestum
628 2258 685 2319 est.
724 2256 778 2320 sed
799 2256 984 2337 praecedens
1007 2253 1200 2321 concinnatio
1223 2254 1382 2336 eloquitur

256 2362 330 2423 uota
352 2357 548 2441 diligentum.
581 2360 669 2423 nouit
687 2360 881 2440 omnipotens
904 2362 935 2423 et
957 2360 1077 2442 generis
1100 2358 1198 2423 uestri
1216 2358 1286 2421 luce
1308 2375 1382 2440 per·

257 2462 360 2524 motus
383 2464 415 2525 ot
436 2464 556 2543 gratiae
579 2481 671 2544 quam
693 2462 826 2545 polliciti
849 2463 925 2528 estis
947 2460 1101 2527 inuitatus
1129 2460 1260 2525 fiducia:
1289 2477 1381 2542 prae-

259 2561 352 2627 cessit
374 2562 407 2628 in
428 2566 583 2647 prosperis
613 2565 726 2631 uestris
749 2565 895 2647 quioquid
917 2579 972 2629 uos
995 2562 1160 2645 disciplina
1184 2563 1240 2626 aut
1261 2563 1419 2627 rationem

258 2664 419 2731 cohibetis.
458 2666 616 2733 sufficiant
637 2668 670 2733 in
700 2666 819 2733 foribus
849 2666 959 2732 stricta
988 2664 1162 2747 conloquia:
1196 2667 1382 2747 respondete

259 2768 298 2832 dc
319 2772 527 2853 prosperitate
548 2772 653 2835 uestm
675 2769 820 2850 sollicito,
843 2767 988 2850 quamuis
1010 2766 1048 2832 de
1066 2785 1171 2831 amore
1193 2784 1254 2833 non
1271 2767 1380 2835 dubio.

255 2870 381 2937 domine
403 2873 456 2951 mi,
480 2870 679 2937 salutationis
701 2870 900 2953 plenissimae
922 2870 1071 2953 obsequia
1092 2871 1267 2953 dependens
1290 2871 1382 2936 litte·

257 2992 363 3039 rarum
385 2975 571 3058 portitorem
593 2973 784 3049 commendo,
808 2975 881 3056 quia
895 2974 976 3038 mihi
990 2973 1050 3038 fide
1073 2977 1105 3037 et
1121 2973 1282 3040 honestate
1305 2992 1380 3041 con·

256 3080 363 3159 pertus
386 3080 448 3155 ert,
473 3077 579 3142 uolens
608 3078 764 3143 uniuersis
787 3077 862 3161 quid
888 3077 1076 3161 dignationis
1098 3080 1219 3143 uestrae
1247 3079 1382 3144 habeam
1392 3098 1418 3139 m

259 3198 320 3245 non
342 3181 448 3259 taceri,
472 3183 508 3243 ut
530 3186 689 3263 sperantes
712 3184 750 3246 de
767 3180 939 3245 communis
954 3181 1074 3263 gratiae
1089 3199 1186 3245 messe
1201 3182 1378 3262 pascantur.

358 3336 375 3389 3
393 3334 472 3391 Prou.
490 3335 533 3402 27,
552 3334 568 3389 2

310 3474 324 3528 1
348 3474 395 3543 sis]
421 3490 449 3529 se
467 3474 515 3528 Bb
617 3474 634 3527 2
658 3474 830 3527 monimentis
848 3475 889 3542 (ni
906 3490 940 3528 cx
957 3490 993 3529 nu
1011 3481 1093 3540 corr.)
1110 3474 1138 3528 L
1240 3476 1258 3529 3
1280 3475 1378 3530 lauden

259 3560 286 3615 L
379 3559 489 3615 4nelim
501 3560 565 3627 Be,
583 3558 676 3613 uellim
687 3560 727 3613 B¹
823 3560 929 3614 domino
945 3559 990 3615 To
1082 3558 1272 3629 5praeabitero
1285 3560 1312 3614 Β

257 3647 329 3701 dmi
346 3648 451 3714 scripsi,
478 3645 546 3699 mihi
564 3645 690 3701 Burro
785 3646 992 3716 laepistolaeB
1086 3644 1311 3716 iidepraecansB

257 3733 274 3786 9
293 3736 365 3801 equa
383 3732 418 3797 L,
445 3746 544 3800 uquam
562 3730 590 3785 Β

308 3835 363 3889 XV.
401 3835 434 3889 13
457 3838 574 3889 uestram
598 3838 815 3905 magnitudinem
838 3839 864 3891 Τ
975 3838 1008 3891 14
1030 3838 1132 3907 repulit
1154 3838 1222 3902 BT,
1252 3835 1384 3905 reppullit

257 3922 284 3975 L
388 3922 421 3975 16
448 3922 612 3977 meruisset
631 3927 738 3991 optasse
761 3924 788 3977 L
893 3923 924 3977 17
950 3923 1126 3979 manifestum
1143 3924 1170 3978 L
1193 3938 1255 3977 maro
1274 3925 1304 3976 io
1321 3938 1383 3978 rus.

256 4006 409 4061 minoribus
426 4006 525 4062 litteris
628 4010 660 4063 18
687 4007 861 4077 diligentium
888 4010 971 4064 LTV
1072 4010 1105 4064 19
1128 4009 1203 4078 eatis]
1222 4011 1264 4062 est
1284 4008 1311 4060 B

256 4092 385 4161 praecessi
403 4092 438 4159 Β,
465 4094 656 4181 pmccescitV
756 4096 790 4148 21
808 4094 944 4150 cohebetis
962 4096 1011 4150 Bo
1045 4129 1047 4132 -
1113 4094 1210 4149 stricta
1226 4108 1261 4148 ec
1278 4094 1383 4162 scripta

258 4196 285 4250 Β
370 4196 545 4266 respondente
560 4198 604 4253 Bo
700 4196 929 4253 semihomo
1025 4193 1168 4253 arrodere
1263 4194 1384 4249 ierom-

257 4282 378 4338 muniT
