2992 4967
617 349 729 421 Magni
746 350 874 407 Felicio
891 351 1025 407 Eunodi

580 974 777 1069 LI'BE'R
816 979 1063 1069 SEXTVS.

810 1189 837 1257 Ι.

624 1341 811 1400 ENNODIVS
833 1342 1023 1404 autumo.

302 1466 374 1534 Nisi
396 1470 428 1534 te
456 1467 602 1535 efflictim
630 1466 796 1551 diligerem
818 1469 850 1532 et
873 1466 918 1549 pii
939 1467 1055 1533 amorio
1076 1466 1225 1535 solidita»
1244 1467 1394 1535 indamu-

260 1571 353 1639 tabili
373 1571 477 1639 radioo
499 1573 670 1652 denotaret,
701 1589 824 1654 possam
852 1570 1038 1638 immmun
1060 1570 1166 1637 dolore
1188 1576 1409 1655 praumatus,-

228 1722 234 1729 -
261 1674 312 1741 nol
334 1693 406 1741 oum
426 1675 589 1758 pueriliter
603 1676 746 1740 marcoris
768 1674 821 1739 uei
834 1692 907 1739 oum
922 1674 1111 1758 adroganter
1124 1674 1292 1759 rapodone,
1315 1693 1427 1743 oon-o

261 1780 394 1845 moueri:
417 1778 498 1843 nihil
519 1777 603 1842 enim
625 1776 761 1854 inuenio,
782 1777 865 1859 quod
885 1777 929 1843 eit
950 1775 1108 1843 fabrioata
1129 1776 1318 1844 humilitate
1334 1796 1391 1845 ou·

261 1880 396 1963 pertine.
419 1880 556 1963 praefero
579 1880 783 1945 contumeliae
806 1879 930 1945 fuoatae
944 1880 1058 1946 frontis
1077 1880 1253 1964 oboeoaiiao
1270 1884 1399 1949 transit·

262 1984 501 2049 amaritudinem
524 1983 655 2049 duleodo
676 1984 834 2049 simulata
857 2001 920 2050 nou
941 2002 1017 2066 opuo
1040 1985 1389 2068 attenuationibus,

261 2086 288 2151 si
303 2106 382 2170 quae
396 2089 429 2153 to
441 2087 549 2153 eatena
560 2085 851 2171 nortatintellogie.
866 2090 993 2169 poseant
1007 2105 1062 2171 pro
1073 2088 1393 2155 extensione-neniam

262 2190 373 2274 quibus
394 2192 442 2256 est
462 2189 600 2255 liberum
622 2206 683 2254 non
704 2207 821 2271 parere.
848 2190 894 2255 ita
916 2189 1049 2254 famulos
1071 2189 1161 2256 nobis
1183 2190 1293 2257 iudioii
1318 2206 1426 2257 eae-10

261 2293 351 2359 lestis
380 2291 532 2359 enntudo
559 2292 737 2375 deputarit,
767 2295 804 2357 ut
824 2290 859 2357 iu
887 2310 1082 2377 quacumque
1109 2312 1198 2360 mene
1219 2297 1310 2378 parto
1334 2296 1391 2363 de·

261 2395 379 2463 flexerit
400 2396 528 2463 illorum
555 2397 724 2463 neoeosiias
754 2394 935 2463 inclinetur.
980 2396 1035 2462 ille
1066 2400 1211 2480 expeotat
1239 2400 1390 2479 clemens,

263 2501 318 2583 qui
340 2500 534 2582 destrictum
557 2502 688 2581 sinelit,
711 2500 848 2568 refutare
865 2501 964 2583 possit
978 2502 1154 2584 imperium.
1178 2502 1264 2569 haud
1277 2505 1389 2585 procul

262 2606 295 2669 te
307 2604 348 2671 ab
370 2604 430 2669 hoo
444 2605 551 2670 ordine
566 2605 692 2689 euagari
708 2605 845 2687 potori-ao
860 2603 942 2669 mihi
956 2621 975 2666 a
990 2604 1047 2669 deo
1060 2604 1225 2670 admibnta
1238 2605 1390 2690 patietun

263 2712 370 2792 optare
391 2711 423 2773 te
446 2708 601 2790 conuenit,
625 2728 664 2773 no
678 2706 960 2786 mansuetudinem,
984 2726 1077 2790 quam
1099 2707 1134 2773 in
1148 2726 1199 2773 me
1213 2706 1425 2790 praetoremn

263 2812 446 2878 meritorum
479 2816 605 2877 tuomm
641 2810 847 2877 consideratio
877 2810 960 2875 imta
987 2812 1169 2877 deuenuatet
1198 2815 1230 2876 et
1256 2810 1387 2894 pietatis

264 2916 425 2981 tramitem
440 2916 602 2997 culparum
616 2914 787 2981 multitudo
810 2913 970 2998 depretiet.
993 2914 1076 2992 lieet,
1098 2913 1133 2978 ni
1148 2913 1249 2991 fallor,
1264 2914 1389 2979 miseri·

264 3017 398 3084 oorditor
409 3017 549 3083 uindicta
561 3017 726 3083 eomitatur
736 3017 895 3082 errantem
907 3035 964 3082 noo
979 3016 1045 3082 ulla
1057 3018 1106 3105 eet
1116 3018 1218 3098 potior
1232 3017 1387 3100 patientia

263 3120 324 3186 nisi
346 3138 425 3203 quae
446 3120 533 3185 uitiis
555 3120 676 3185 aditum
698 3139 760 3186 uon
782 3118 937 3199 meludit,
960 3137 979 3183 a
1001 3120 1034 3184 te
1056 3122 1162 3185 tamon
1185 3119 1316 3186 faoooeat
1337 3122 1391 3185 in-

263 3222 401 3307 dignatio
429 3222 551 3303 nostra,
581 3226 655 3305 qnia
684 3227 765 3307 quod
795 3222 963 3305 deliqueris
992 3241 1053 3289 non
1082 3223 1225 3289 inolusue
1248 3223 1336 3289 dolor
1358 3228 1425 3289 etro

264 3328 366 3413 gratia
395 3326 523 3392 fallente
554 3328 694 3392 samatus
728 3329 784 3393 sed
809 3328 941 3393 uerbera
968 3326 1176 3411 eaodguouno.
1217 3346 1299 3393 nuno
1326 3346 1391 3394 uuo

263 3432 354 3495 modo
382 3432 415 3496 in
443 3430 621 3497 oioatrioem
651 3448 759 3515 eogere
786 3432 919 3495 uolnera
944 3429 1163 3512 intemperatis
1192 3429 1391 3496 sermonibus

315 3653 340 3709 1.
369 3653 386 3707 2
408 3652 530 3723 paternio
552 3652 581 3708 L
681 3651 699 3707 3
721 3651 848 3706 oifliotem
866 3651 985 3717 BLTV,
1010 3650 1108 3706 efflicte
1125 3650 1159 3716 P,
1186 3650 1322 3707 afflictet

263 3740 372 3811 amorio]
390 3740 476 3796 cordia
494 3740 576 3795 Siron
679 3738 698 3793 4
714 3740 817 3808 pooaim
834 3740 862 3794 Β
968 3740 985 3793 6
1007 3736 1319 3792 humilitate-fuoatae
1336 3752 1391 3795 on.

263 3826 304 3882 ΒΙ
321 3826 388 3882 odd.
404 3827 436 3881 iro
451 3842 504 3898 mo.
521 3840 591 3881 corr.
696 3824 712 3879 7
735 3825 838 3895 periano
864 3824 890 3879 T
991 3822 1275 3892 tdopraeoatiouibm
1292 3822 1321 3877 Β

263 3912 280 3967 9
300 3926 347 3980 pro
364 3912 513 3967 unctiore&
530 3910 657 3967 Scirottue
761 3911 795 3966 10
815 3924 862 3979 pro
880 3909 978 3979 quibua
995 3908 1044 3965 Po
1149 3908 1272 3964 eoelestia
1294 3908 1389 3964 indicii

263 3996 345 4054 uim.
466 3996 500 4052 12
526 3996 676 4081 expectatat
697 3996 738 4063 Β,
770 3996 907 4065 ompeotat
930 3994 987 4051 LV
1109 3994 1144 4049 la
1168 3994 1249 4049 uellit
1266 3994 1322 4050 BL

262 4100 331 4156 mue
351 4100 409 4169 ru,
434 4083 496 4155 'out
514 4099 542 4155 a
645 4100 678 4155 rr
701 4098 868 4169 denudetur
884 4098 923 4155 m
940 4103 972 4155 oo
988 4096 1104 4155 mm
1209 4098 1242 4152 ra
1263 4097 1389 4153 annea

261 4186 304 4243 Β·
406 4186 440 4241 19
462 4200 515 4241 nou
532 4184 564 4256 r.]
582 4185 743 4241 intercludit
763 4185 789 4242 Τ
807 4190 836 4241 et
852 4186 885 4240 a·
901 4200 953 4258 ny.
971 4186 1000 4241 P
1102 4184 1206 4255 bnon]
1222 4199 1276 4239 uon
1297 4184 1324 4239 Τ

261 4271 297 4329 Β)
313 4272 407 4328 uerna
426 4272 453 4328 d
551 4270 584 4328 21
603 4272 705 4328 salente
721 4270 749 4327 L
