2992 4967
422 1078 893 1195 PRAEFATIO.

135 1416 196 1509 Ad
224 1440 361 1509 Uictoris
391 1442 531 1509 Uitensis
563 1440 726 1511 historiam
761 1442 984 1510 emendandam
1018 1443 1091 1509 libri
1122 1462 1219 1511 manu

92 1552 204 1637 scripti
226 1552 303 1619 mihi
326 1552 449 1635 praesto
471 1551 599 1617 buerunt
613 1570 735 1619 nouom.
764 1553 903 1635 Quorum
919 1557 956 1620 ut
969 1553 1218 1639 audacissimus,

91 1660 139 1723 ita
161 1655 297 1739 optimus
320 1660 367 1719 ost

48 1798 81 1853 Β
137 1784 209 1851 uod.
243 1783 452 1852 bibliothecae
483 1782 787 1867 Bembergensis
821 1786 900 1868 sign.
923 1785 958 1852 Pa
982 1785 1043 1851 m.
1065 1786 1097 1869 4,
1119 1807 1219 1853 mem·

91 1890 273 1966 brunneche,
295 1888 413 1953 formae
428 1887 568 1967 minoris,
592 1886 739 1955 loliorum
754 1888 829 1966 248,
843 1889 968 1955 saeculo
984 1888 1032 1955 lx
1045 1891 1082 1955 ut
1096 1891 1220 1957 uidetur

91 1992 209 2057 litteris
239 1989 405 2059 admodum
429 1990 537 2057 nitidis
559 1995 653 2073 atque
680 1990 853 2073 perspicuis
881 1996 1036 2061 exaratus.
1072 1990 1220 2060 Continet

91 2094 255 2161 Uictorem
283 2095 315 2159 et
336 2092 428 2161 Pauli
456 2092 620 2161 historiam
643 2092 826 2159 Romanam.
863 2094 950 2161 Libri
979 2096 1219 2181 Bambergensis

91 2198 216 2265 bonitas
244 2198 336 2280 atque
366 2199 557 2280 praestantia
585 2199 766 2274 terlucet,
799 2199 837 2263 ut
858 2198 1003 2281 plurimis
1025 2200 1103 2267 locis
1123 2200 1220 2267 lectio

92 2318 169 2367 uera
191 2300 246 2365 out
268 2300 301 2365 in
323 2320 357 2367 eo
372 2302 437 2369 solo
459 2300 579 2367 nitatur
599 2301 655 2367 aut
676 2301 736 2367 nisi
757 2300 813 2366 illo
835 2299 975 2368 adhibito
998 2302 1219 2386 orsliquorum

91 2404 246 2470 librorum
262 2402 423 2489 scripturis
440 2404 684 2488 discrepantibus
701 2403 766 2469 erui
781 2403 906 2469 omnino
918 2421 980 2469 non
995 2407 1102 2487 possit.
1126 2404 1219 2471 Cuius

91 2507 140 2573 rei
169 2506 311 2589 exempla
337 2505 475 2591 proferre
498 2524 762 2588 superuacaneum
784 2505 846 2584 est,
873 2524 945 2573 eum
971 2507 1081 2588 queuis
1104 2509 1220 2592 pagina

91 2608 238 2677 editionis
260 2611 385 2676 nostrae
407 2610 557 2693 inspecta,
580 2626 658 2691 quae
679 2607 760 2673 ratio
775 2606 859 2673 inter
873 2607 907 2673 B
925 2612 956 2674 et
972 2609 1069 2675 libros
1085 2610 1218 2693 reliquos

90 2710 283 2791 intercedat,
318 2710 408 2778 facile
431 2714 643 2797 cognoscetur.
676 2710 871 2794 Quamquam
899 2730 956 2779 uec
977 2710 1219 2800 Bambsrgsnsis

91 2815 216 2882 mendis
232 2815 264 2880 et
278 2816 367 2889 uitiis
382 2816 508 2881 omnino
524 2818 617 2881 caret.
634 2815 814 2900 Descriptus
831 2814 914 2881 enim
929 2819 977 2879 est
992 2834 1027 2881 ex
1042 2815 1218 2901 archetypo,

93 2923 128 2985 in
151 2935 211 3001 quo
232 2920 335 2985 multa
356 2919 483 3003 propter
501 2916 614 2983 falsam
631 2916 808 2983 litterarum
823 2916 1118 3003 pronuntiationem,
1142 2938 1219 3002 qnae

92 3020 226 3087 saeculis
249 3018 386 3097 VI÷IX
408 3022 541 3087 maxime
563 3025 705 3103 grassata
727 3009 794 3100 est,>
817 3022 959 3106 corrupto
981 3020 1111 3097 tradita,
1140 3041 1218 3088 uon·

93 3124 183 3191 nulla
205 3123 300 3189 etiam
323 3122 441 3190 incuria
463 3122 583 3188 librarii
607 3123 723 3189 omissa
745 3126 843 3190 orant.
867 3122 983 3191 Contra
1004 3122 1219 3207 interpolatio-

93 3228 145 3293 nis
167 3226 301 3310 uestigia
324 3226 442 3293 frustra
462 3226 496 3291 in
519 3244 553 3293 eo
582 3244 726 3310 quaeras,
762 3228 823 3294 nisi
844 3226 923 3293 illud
945 3226 996 3307 ΙΙ,
1020 3227 1061 3293 83
1082 3226 1120 3291 ic
1141 3226 1219 3292 libro

93 3329 151 3395 Iob
166 3330 311 3411 primo,
344 3328 426 3412 quod
457 3346 562 3394 omnes
591 3328 666 3397 libri
688 3330 826 3396 eiusdem
849 3329 989 3396 familiae
1010 3332 1154 3408 tuentur,
1183 3348 1219 3396 eo

93 3433 249 3517 pertinere
270 3432 438 3499 existimes.

58 3570 87 3624 V
139 3560 211 3629 Cod.
240 3560 316 3628 bibl.
346 3562 422 3645 imp.
446 3558 761 3629 Uindobonousis
783 3582 813 3627 n.
836 3561 910 3645 583,
932 3563 1073 3639 membr„
1102 3562 1219 3627 formae

94 3665 235 3744 minoris,
258 3665 311 3730 fol.
328 3666 400 3744 216,
424 3682 501 3731 ease.
516 3662 555 3743 X,
580 3668 610 3729 et
633 3666 699 3747 ipse
714 3665 877 3731 Uictorem
891 3652 1035 3729 aci’anli
1056 3664 1220 3731 historiam

95 3768 242 3833 eontinet.
276 3767 337 3832 Hie
369 3767 450 3832 liber
485 3768 558 3850 quin
587 3786 623 3832 cx
655 3769 763 3833 eodem
790 3768 958 3851 archetypo
986 3784 1047 3849 quo
1068 3766 1220 3831 Bamber·

94 3870 200 3951 gensis
229 3868 370 3950 fluxerit,
405 3868 541 3937 dubitari
569 3888 632 3937 uon
658 3874 776 3953 potest,
811 3874 862 3935 sod
892 3886 954 3935 uno
981 3870 1053 3951 plus
1080 3870 1221 3953 gradus

95 3974 256 4041 communi
277 3973 363 4039 lonts
386 3970 493 4053 distat,
517 3992 612 4057 quam
640 3972 683 4038 B.
706 3974 809 4041 Multa
822 3970 905 4038 enim
920 3972 952 4037 in
969 3989 1004 4037 eo
1019 3972 1218 4055 transposita,

94 4076 187 4160 plura
209 4076 303 4143 otiam
326 4074 535 4159 interpolandi
550 4076 680 4143 libidine
696 4075 813 4141 uitiata
827 4077 910 4140 sunt.
933 4072 1102 4159 Archetypi
1117 4080 1220 4141 errata

96 4176 179 4244 baud
201 4196 304 4259 pauca,
329 4198 408 4262 quae
430 4179 463 4244 in
486 4177 519 4243 B
542 4180 606 4245 fere
628 4180 751 4259 integre
772 4182 948 4255 seruantur,
971 4177 1004 4241 in
1030 4176 1132 4243 Vaut
1152 4197 1220 4243 ma·

95 4298 155 4346 nus
177 4279 280 4363 prima
302 4282 411 4347 statim
435 4282 579 4361 domarit,
609 4284 664 4347 aut
692 4302 754 4348 uua
775 4282 913 4348 alteraue
935 4297 1046 4345 manus
1068 4281 1221 4364 posterior

1082 4400 1118 4453 ὃ*
