2992 4967
559 330 672 385 Dictis
691 330 727 387 ll.
1139 332 1202 399 431

72 524 232 591 innodata
245 522 322 603 siut,
336 521 412 589 dum
422 521 602 605 persistunt
624 522 657 589 in
670 506 804 597 summa.
819 521 907 589 cuius
919 519 1206 589 aestimandumsst

72 645 143 693 esse
166 624 331 704 miraculi,
355 624 423 708 ubi,
446 624 522 691 dum
544 626 671 691 modum
698 628 803 693 teneat
831 624 996 702 machina,
1023 623 1126 691 adbno
1145 642 1207 691 non

73 729 205 798 desistit
229 728 392 796 ascendere
414 728 446 795 et
467 728 499 795 in
520 728 659 812 antiquie
681 728 854 797 constitute
874 727 1019 811 uestigiis
1044 727 1208 795 adtollitur

74 831 300 899 incremento?
335 830 554 915 requirendum
576 849 657 911 sane,
681 830 751 914 quis
772 830 865 899 buius
886 831 1000 915 operis,
1026 830 1097 914 onio
1118 830 1208 900 inno-

52 934 221 1004 cuationis
244 940 352 1001 unctor
375 933 527 1001 extiterit:
549 935 770 1017 praedeeessor
794 952 906 1017 nempe
931 934 1099 1018 parcitatis
1119 950 1209 1003 meae

75 1037 272 1105 uenerabilis
286 1037 395 1107 Victor
410 1036 553 1115 subeles,
575 1037 627 1103 oni
643 1037 767 1105 futores
781 1038 994 1107 adnuntiabir
1014 1038 1209 1105 inocentiae

75 1140 234 1209 diuinitas
256 1159 370 1207 nomen
391 1141 537 1235 inposuit.
572 1159 646 1209 nam
674 1142 728 1224 qni
750 1140 789 1207 ds
817 1141 869 1207 bis
896 1160 977 1224 guae
996 1142 1210 1223 suscipiuntur

76 1246 235 1311 aduersus
257 1244 336 1311 uitia
357 1245 514 1313 mundana
536 1242 762 1313 certaminibus
783 1245 941 1327 praedicte
953 1247 1085 1313 euentus
1105 1262 1209 1311 aoase·

76 1347 170 1423 serit,
195 1365 268 1415 cnm
291 1348 479 1413 uocabulum
494 1347 649 1427 didiceris,
672 1351 765 1433 gesta
778 1348 945 1431 cognoscis.
967 1347 1030 1413 iste
1047 1366 1101 1432 per
1115 1348 1209 1432 spiri·

44 1471 69 1509 10
78 1453 177 1517 talem
203 1451 447 1527 dimicationem,
470 1453 506 1517 ut
528 1452 680 1519 uictorem
702 1452 815 1527 decuit,
838 1451 878 1520 de
892 1450 1075 1520 criminibus
1095 1453 1210 1517 trium-

78 1556 208 1639 phanio,
242 1557 274 1619 et
295 1555 443 1637 quicquid
465 1556 565 1639 portio
588 1555 715 1621 sinistra
737 1555 925 1623 mortalibus
950 1556 1084 1641 ingerit,
1114 1556 1152 1622 de
1175 1574 1211 1623 eo

79 1677 191 1725 casum
219 1677 281 1723 non
309 1660 462 1741 requiras,
492 1676 563 1725 cunr
591 1659 790 1726 nominatum
814 1658 978 1742 intellegas
1004 1658 1102 1725 fnisse
1128 1658 1211 1743 qnod

80 1760 187 1828 dictus
212 1764 271 1829 eet.
316 1759 403 1829 cuine
430 1764 543 1829 merita
565 1762 715 1829 emtionis
740 1782 884 1847 cumpusn
906 1762 1083 1846 postulant,
1111 1763 1211 1827 sirm
1274 1792 1279 1801 ·

81 1864 120 1934 ad
143 1864 261 1931 latiora
281 1864 424 1948 progredi
445 1866 501 1931 eut
530 1864 648 1949 ingenii
676 1867 792 1931 macies
821 1866 979 1949 pateretur
1006 1870 1061 1933 ent
1088 1865 1212 1933 meriti:

49 1986 74 2027 1⁵
84 1970 240 2051 quaedam
264 1970 346 2035 enim
374 1972 501 2035 actuum
528 1968 676 2038 nobilitas
709 1972 759 2037 cet
790 1970 921 2055 dignum
949 1969 1084 2037 inueniri
1120 1966 1213 2035 lande

83 2089 283 2155 magnorum.
304 2071 387 2137 hunc
408 2071 608 2137 mediocritas
630 2074 737 2139 nostra
751 2072 784 2139 in
805 2072 1027 2144 aedificationis
1041 2091 1116 2139 cura
1137 2072 1213 2138 dnm

85 2175 240 2257 sequitur,
263 2176 303 2241 ad
325 2176 625 2243 consummationem
648 2176 705 2243 deo
719 2176 846 2259 auspice
860 2177 936 2244 nota
949 2174 1100 2260 peronne.
1123 2192 1214 2241 nemo

85 2279 236 2347 aestimet
257 2278 458 2361 adrogantiae
479 2298 545 2347 esse
568 2280 649 2363 qnod
672 2279 752 2348 dixi:
774 2280 823 2348 iss
836 2284 887 2347 est
907 2298 979 2348 oum
994 2298 1028 2345 eo
1047 2279 1124 2346 nota
1143 2278 1213 2343 iun·

85 2400 169 2465 gere,
192 2381 244 2445 oni
264 2399 322 2463 par
345 2400 413 2450 esse
434 2400 567 2465 nequeas
590 2382 729 2460 actione,
756 2382 832 2465 qnia
851 2382 984 2449 adsertio
1008 2380 1214 2447 conscientiae

54 2486 134 2549 nost
149 2484 314 2549 meliorem
325 2483 359 2547 in
371 2502 563 2567 quocumque
580 2484 668 2567 parte
682 2484 806 2551 secturi.
829 2502 1001 2567 numquam
1017 2482 1215 2551 tenebrosum

88 2586 214 2663 callem,
238 2588 318 2653 siout
340 2588 553 2666 aestimamus,
576 2586 717 2667 incurrit,
740 2588 770 2653 si
791 2606 872 2665 enm,
896 2604 990 2669 quem
1012 2585 1103 2651 nouit
1123 2604 1215 2667 pree·

88 2690 221 2757 tendere
242 2688 326 2754 uitae
349 2689 466 2768 lumen,
489 2690 674 2773 insequitur.
709 2688 901 2757 luculentius
927 2690 1034 2754 tamen
1055 2691 1215 2770 gestarum

90 2794 183 2860 fidem
211 2810 320 2859 rerum
349 2796 498 2862 sermonis
528 2794 701 2879 pendamus
724 2793 839 2861 officio.
882 2792 935 2857 bic
955 2795 1031 2857 anto
1050 2789 1216 2857 fallacibus

91 2896 237 2965 dedicata
257 2898 438 2983 praestigiis
466 2902 498 2963 et
521 2898 605 2981 turpi
628 2896 782 2981 pecudum
811 2914 918 2964 ornere
943 2894 1069 2978 perfusa
1095 2894 1217 2959 ueteres

58 3001 265 3068 nsimnlsera
286 3003 464 3071 coluerunt:
489 3001 541 3067 hie
563 3003 595 3067 in
618 2999 796 3067 diuinitatis
825 2998 941 3065 iniuria
964 3016 1020 3081 per
1046 2995 1147 3063 altare
1167 2996 1216 3061 in·

93 3105 206 3170 sanetis
223 3107 417 3171 cumulatum
436 3103 617 3170 muneribus
632 3122 681 3169 res
703 3103 786 3169 caelo
802 3100 926 3167 debitos
940 3098 1112 3167 daemoniis
1126 3098 1218 3163 obtu-

93 3206 214 3272 lerunt:
237 3208 289 3273 bic
311 3208 450 3273 iunicum
472 3208 544 3273 exta
558 3206 720 3272 semininis
735 3204 923 3295 palpitantia
945 3203 1080 3271 motibus
1103 3202 1217 3268 misero

146 3486 159 3537 1
184 3486 250 3538 nunt
272 3482 348 3545 abrs,
376 3498 424 3536 on.
449 3480 531 3535 Sirm.
651 3477 832 3531 estimandum
855 3476 882 3530 Β
1006 3478 1049 3529 est
1064 3460 1094 3528 ee
1111 3472 1151 3536 Β,
1177 3475 1219 3526 est

96 3576 177 3631 Ll'V
274 3574 491 3631 bmschinaeB
588 3572 741 3629 bactorT
836 3574 864 3625 el
880 3568 1049 3641 prodecessor
1065 3567 1100 3634 Β,
1126 3567 1219 3637 prode·

96 3686 180 3727 censor
198 3676 235 3738 (ss
248 3674 411 3735 cursem.)
430 3669 457 3725 L
558 3681 652 3738 nempe
665 3682 738 3755 meus
760 3668 791 3732 V,
818 3682 876 3720 nem
895 3664 922 3720 L
1023 3661 1220 3719 sinenernbilis

97 3790 146 3827 orn.
174 3772 255 3831 Siron.
369 3774 479 3829 antistis
506 3772 533 3827 Β
644 3771 687 3826 oni
710 3769 738 3824 Β
762 3775 788 3825 et
810 3772 881 3823 m.2
903 3768 935 3822 in
957 3784 1007 3837 mg.
1033 3766 1063 3832 Τ,
1093 3782 1144 3821 ona
1167 3764 1222 3820 LP

100 3857 163 3913 T¹V
268 3861 284 3915 ‘l
310 3858 376 3930 qnid
402 3860 433 3914 de
460 3860 488 3914 Β
595 3857 781 3927 suspiciuntur
805 3856 833 3909 L
935 3854 953 3909 8
978 3852 1098 3923 predicto
1125 3852 1153 3906 Β

98 3944 131 3998 10
147 3946 303 4003 triurnlanit
320 3947 348 4003 Β
458 3944 615 4002 escroton
633 3944 662 3999 L
763 3940 994 3997 isbuntorum
1023 3982 1026 3988 .
1099 3938 1131 3992 16
1147 3936 1220 3995 asdi-

97 4032 232 4089 flectiones
259 4034 295 4091 V¹
398 4034 431 4087 18
457 4032 619 4102 adrognntia
644 4031 672 4087 Β
774 4026 972 4096 coniungereb
1074 4025 1108 4080 21
1134 4024 1159 4079 si
1185 4026 1221 4090 Β,

98 4119 144 4185 qni
161 4119 243 4175 ΜΨ
356 4119 511 4187 pretendere
534 4117 562 4171 Β
671 4116 706 4171 24
727 4113 867 4186 prestigiis
888 4112 928 4179 Β,
956 4111 1096 4186 poasligiis
1113 4109 1152 4166 L¹

99 4238 133 4291 no
150 4238 280 4295 nemoris
298 4239 326 4294 a
428 4238 461 4292 nr
482 4202 621 4308 prins
637 4237 665 4292 n
