2992 4967
449 350 679 419 Epistularum
704 351 794 405 liber
812 350 887 405 vm.

595 556 743 623 XXXIII.

371 710 553 767 ENNODIVS
571 710 780 767 chmrsnsn
799 712 967 769 binoctio,

148 833 190 897 Et
212 834 293 915 quod
318 852 349 897 es
371 834 570 899 miseratione
592 836 721 899 ornatur
743 836 776 899 et
798 834 878 917 qnod
901 834 1025 899 iuturus
1055 855 1086 899 es
1108 836 1226 919 pietate

106 936 317 1019 conquiritur,
347 937 380 1000 et
406 936 569 1003 diaconum
598 934 647 1001 bis
670 936 783 1001 studiis
805 936 956 1015 extulisti,
979 937 1066 1001 cuius
1088 938 1133 1002 rei
1154 955 1226 1021 pro·

78 1039 207 1103 emittit
229 1056 302 1103 cura
324 1038 511 1122 pontificem.
535 1040 745 1123 praesentium
769 1038 894 1105 baiulus
916 1039 1064 1106 honestus
1086 1041 1225 1107 moribus

106 1144 219 1206 natura
240 1140 381 1206 sublimis
404 1142 530 1225 genuini
555 1143 661 1207 solacii
689 1142 814 1208 orbatus
836 1141 991 1224 praesidio
1013 1142 1144 1209 Romam
1166 1162 1221 1227 pro

105 1242 244 1309 honestis
260 1243 391 1323 artibus,
406 1244 483 1309 licet
497 1246 763 1329 peregrinaturus,
794 1244 935 1327 expetiit.
958 1244 1028 1311 uide
1047 1246 1074 1311 si
1087 1262 1223 1311 merean-

104 1345 158 1410 tur
180 1366 199 1411 a
220 1346 363 1427 religioso
387 1346 463 1412 bene
489 1349 561 1414 nato
590 1348 737 1431 locupleti
765 1349 865 1415 iuuari
892 1348 954 1414 iste
977 1366 1054 1431 quae
1075 1346 1220 1430 praetuli.

104 1466 187 1512 nuuc
216 1448 317 1515 officio
348 1451 543 1515 salutationis
573 1452 708 1519 exhibito
735 1469 825 1536 rogo,
854 1454 891 1517 ut
921 1451 948 1516 si
970 1468 1029 1530 me,
1062 1452 1088 1516 si
1110 1452 1223 1516 bonam

66 1570 199 1635 requam
222 1552 361 1619 coemisti
389 1555 561 1637 opinionem
584 1554 705 1639 diligis,
736 1556 874 1638 inpensis
898 1553 1043 1638 portitori
1066 1555 1222 1620 adulescat

102 1654 238 1721 auxiliis

581 1845 747 1911 XXXIIII.

392 1996 572 2053 ENNODIVS
592 1998 774 2056 PORCIANO
793 1998 935 2059 ABBATI.

146 2116 268 2185 Diuiuis
284 2120 457 2185 declaratur
472 2122 636 2204 exemplis,
652 2122 712 2189 nisi
726 2141 783 2205 per
799 2125 847 2191 dei
861 2123 996 2206 gratiam
1011 2120 1221 2187 mmbbouem

66 2220 267 2287 rahominum
289 2222 470 2289 caelestium
493 2243 554 2289 non
577 2226 693 2291 nenne.
722 2245 800 2308 qnae
822 2228 905 2291 euim
929 2224 1097 2290 recordatio
1118 2224 1221 2305 potest

103 2344 170 2391 esse
192 2328 396 2411 peccantium,
419 2327 479 2393 nisi
495 2330 624 2395 occultis
641 2329 802 2397 itineribus
818 2331 904 2397 fauor
920 2330 1062 2397 caelestis
1078 2330 1221 2411 operetur

103 2434 135 2493 et
152 2448 207 2512 per
221 2430 307 2495 niam
321 2431 479 2497 mentibus
494 2430 680 2514 inspiratam
694 2452 772 2516 quae
784 2437 910 2516 propter
922 2434 1221 2516 peccatasubrepere

100 2535 225 2613 poterat
241 2532 420 2599 eliminetur
434 2533 573 2599 obliuio?
590 2535 767 2618 inpetratee
781 2536 846 2601 iam
860 2537 985 2603 diuinas
994 2533 1220 2601 misericordiae

101 2633 217 2701 fidncia
240 2640 287 2701 est
310 2637 466 2703 cultorum
485 2636 536 2701 dei
560 2637 673 2703 animis
689 2657 751 2705 nou
765 2639 881 2703 deesse.
905 2657 978 2723 ergo
993 2640 1110 2721 gratias
1125 2636 1221 2702 refero

66 2738 239 2805 ”trinitati
262 2740 317 2803 deo
345 2742 459 2820 nostro,
494 2739 548 2822 qni
581 2742 617 2804 ut
650 2760 699 2806 me
732 2741 907 2807 reuerentia
938 2743 1044 2805 uestra
1077 2740 1220 2821 alloquiis

102 2842 247 2907 uisitarot
269 2842 379 2925 exegit.
403 2842 538 2927 suscipio
563 2846 594 2909 et
611 2843 838 2911 oboedientiam
858 2847 1012 2909 nestram:
1057 2860 1114 2908 nec
1135 2840 1220 2906 enirn

101 2949 229 3028 exiguus
246 2946 348 3011 cultus
364 2945 491 3012 debetur
505 2945 757 3028 obsequentibus,
774 2966 845 3013 cum
857 2944 973 3013 Christi
985 2944 1220 3031 gloriamaneat

102 3050 318 3131 imperantem.
352 3054 437 3115 orate
466 3068 521 3133 pro
554 3070 614 3129 me,
651 3052 704 3134 qni
728 3052 932 3117 humanitate
953 3051 1122 3129 imbecilla,
1143 3050 1219 3115 dnm

101 3151 202 3217 adbuc
230 3153 306 3219 estis
333 3153 480 3232 hominos,
510 3154 660 3235 saltastis,
687 3174 762 3238 qnos
784 3155 918 3239 contigit
939 3156 1071 3221 necdum
1094 3168 1219 3235 corpore

152 3388 280 3443 XXXIII.
315 3391 332 3443 2
358 3389 491 3445 hormisda
518 3392 573 3447 BT
673 3394 798 3449 diaconus
825 3394 880 3449 BL
904 3394 952 3449 esd
973 3410 992 3447 n
1015 3408 1049 3447 ecc
1072 3408 1086 3446 o
1109 3398 1141 3446 ct
1161 3391 1220 3447 uici.

101 3490 169 3531 corr.
188 3474 215 3529 L
305 3476 386 3545 ent]
405 3478 436 3529 tu
455 3476 497 3531 Pb
588 3480 605 3532 4
622 3479 695 3533 studi
714 3480 838 3535 sextilisti
858 3480 885 3535 Β
969 3479 1108 3548 promittet
1125 3478 1152 3531 Β

100 3563 115 3616 5
134 3560 239 3615 baiolus
256 3560 284 3615 Β
387 3563 404 3617 6
422 3564 523 3632 gemini
541 3564 589 3617 Pb
691 3566 783 3619 solatii
800 3566 884 3621 ΒΜ*
983 3564 1107 3633 praesidii
1124 3563 1152 3616 B

99 3647 248 3716 'lexpetiet
265 3648 292 3701 Β
394 3648 411 3703 8
435 3649 523 3703 iuberi
544 3649 572 3703 Β
676 3650 709 3703 10
731 3653 847 3719 portitor
871 3652 918 3705 Pb
1022 3650 1155 3704 adubsost
1172 3664 1218 3703 uu·

99 3732 168 3789 siliis
188 3732 216 3787 Β
347 3774 363 3807 ,

149 3832 295 3892 XXXIIII.
332 3838 549 3893 130nnidrus1:
635 3839 755 3908 portiano
774 3838 830 3895 ΒΤ
919 3841 951 3895 15
968 3838 1151 3893 celestiumB

99 3924 259 3978 enim-nisi
277 3940 327 3980 om.
345 3926 372 3979 Β
483 3927 515 3980 16
534 3924 608 3980 rabor
626 3926 655 3981 Β
765 3927 889 3996 celestius
908 3926 935 3981 L
1047 3926 1078 3982 17
1098 3927 1154 3979 nim
1171 3924 1218 3979 uel

99 4009 262 4081 insperatam
279 4010 344 4073 fort.
430 4013 568 4081 subrepere
586 4012 636 4077 Pb,
662 4012 798 4081 subripere
815 4010 927 4067 BL‘I'V
1016 4012 1048 4068 18
1064 4009 1218 4066 eliminetur

103 4096 137 4149 T*
218 4099 352 4166 inpetrato
364 4097 392 4152 Β
475 4098 507 4153 21
521 4099 608 4167 exiget
620 4098 647 4153 Β
730 4099 843 4168 euspicio
855 4099 922 4166 fort.
1009 4103 1037 4154 et
1048 4098 1085 4166 B,
1102 4114 1152 4153 om.
1165 4096 1220 4151 LP

102 4180 168 4237 TVb
248 4182 411 4239 obldentism
422 4184 450 4238 Β
528 4184 562 4238 22
574 4184 681 4240 debitur
693 4186 721 4239 Β
804 4186 838 4240 23
849 4186 1016 4255 inperantem
1027 4185 1062 4251 Β,
1080 4186 1218 4253 parentem

98 4266 164 4331 sori.
251 4271 308 4324 orte
325 4269 353 4323 Β
438 4268 558 4325 inbioilla
571 4270 598 4325 Β
688 4270 722 4326 24
733 4272 861 4327 enitastes
873 4272 900 4325 Β
986 4270 1105 4340 contiget
1122 4270 1150 4323 Β
