2992 4967
555 340 669 397 Dissio
690 342 781 399 me
1168 346 1234 412 463

99 532 164 598 tibi
192 537 296 599 meote
324 536 356 599 et
385 549 457 597 mea
484 532 656 597 cratonem
685 531 843 614 professio.
888 531 964 599 felix
992 532 1078 599 istud
1101 534 1235 599 nominis

102 635 188 720 apud
218 636 327 701 doctos
358 635 548 717 auspicium:
579 634 727 701 ditandus
750 634 902 702 scientiae
921 634 1067 722 frugibus
1093 635 1235 703 laborem

99 739 188 805 circa
201 736 309 803 studia
324 736 536 803 necessarium
553 738 712 819 promittit
733 741 767 802 et
780 739 914 805 nomine.
937 736 1030 823 finde,
1054 739 1235 806 siulmoms

101 841 244 925 egregie,
275 840 443 925 pingnium
465 842 557 905 dorsa
577 844 751 905 terrarum:
780 841 914 927 inprime
943 841 1071 909 dentem
1099 842 1235 909 uomeris

62 968 85 1011 s
98 945 230 1009 nouella
260 943 364 1010 adhuc
391 943 506 1009 incude
538 942 730 1010 formatum:
762 962 867 1011 exerce
902 944 936 1011 in
966 945 1143 1013 studiorum
1170 946 1235 1013 solo

98 1047 250 1130 quicquid
266 1049 420 1129 optimum
438 1049 585 1115 conuenit
600 1053 765 1115 aratorem
782 1050 808 1114 si
824 1050 985 1115 scrutatus
999 1047 1124 1133 penitus
1139 1047 1235 1114 fueris

98 1151 272 1217 latentium
300 1154 419 1217 secrete
447 1168 643 1234 camporum,
678 1150 821 1218 inuenies
851 1150 919 1217 illic
948 1151 1150 1229 Deuterinm‚
1181 1152 1236 1235 qni

98 1254 246 1319 ubertate
276 1252 457 1337 linguarum
485 1257 627 1340 germina
654 1253 716 1319 tibi
744 1254 969 1337 multiplicatis
1002 1254 1174 1321 seminibus
1203 1256 1236 1321 et

96 1357 246 1423 sudorem
275 1359 491 1425 remuneretur
518 1358 696 1441 inpensum.
742 1356 828 1423 disce
855 1357 920 1424 iam
950 1374 1034 1423 nuuc
1066 1356 1235 1423 uerborum

48 1486 86 1527 ro
97 1458 256 1525 luxuriem
286 1460 363 1525 artis
393 1460 473 1527 falce
500 1462 661 1539 truncare,
696 1466 732 1525 nt
759 1460 905 1527 monellus
940 1476 1047 1543 cespes
1074 1461 1133 1527 sub
1160 1458 1236 1525 ferri

97 1562 270 1645 disciplina
299 1562 451 1645 proficiat.
497 1566 653 1631 resecetur
686 1562 835 1646 quioquid
863 1562 1032 1629 infecunda
1066 1564 1235 1647 palmitum

98 1666 214 1731 umbra
236 1666 466 1732 transmiserit:
490 1670 528 1733 ad
551 1667 651 1733 solam
669 1684 803 1733 unarum
818 1684 907 1751 spem
931 1664 1014 1732 uites
1035 1669 1110 1732 tuae
1132 1682 1236 1732 ramos

101 1769 282 1836 extendant.
306 1770 380 1835 telis
402 1770 442 1835 ad
464 1769 593 1855 genium
615 1774 708 1835 tuum
730 1770 841 1836 redeas
863 1784 988 1835 necesse
1010 1774 1076 1835 est:
1097 1768 1174 1835 telis
1196 1772 1236 1836 ad

98 1873 178 1937 nuta
199 1874 308 1937 nostra
323 1872 468 1954 respicies
492 1876 533 1951 et,
549 1890 621 1939 oum
641 1876 674 1938 te
690 1873 830 1957 grauidis
849 1870 999 1938 scientiae
1013 1871 1129 1938 culmis
1144 1890 1237 1938 orna·

53 1974 196 2055 ueneris,
219 1976 296 2042 tuno
312 1976 345 2040 te
360 1992 513 2058 magnum
535 1975 597 2041 diei
616 1978 782 2042 conueniet
797 1977 973 2041 Aratorem.
998 1974 1144 2059 quocirca
1164 1990 1237 2057 spes

98 2076 135 2141 in
159 2080 191 2142 te
213 2078 345 2160 praemii
367 2080 490 2145 nutriat
512 2077 615 2144 laudis
641 2080 795 2145 ardorem.
832 2078 896 2164 legi
918 2077 1079 2161 quianon
1102 2078 1151 2145 est
1172 2078 1236 2143 for·

99 2180 198 2245 tunae
220 2180 325 2259 lusus,
355 2181 528 2265 siquando
551 2183 636 2247 inter
657 2180 848 2260 feculentos,
877 2198 1009 2265 qnorum
1036 2198 1094 2265 ego
1115 2180 1236 2266 primus

101 2272 191 2359 sum,
225 2282 431 2365 inperitorum
463 2300 573 2368 greges
608 2282 781 2366 profecerit
805 2284 978 2351 litteratus.
1023 2300 1085 2349 non
1111 2285 1236 2349 metuas

99 2402 300 2469 pressuram,
323 2404 384 2469 qua
405 2390 581 2470 grauanter
603 2386 768 2453 instructi:
796 2388 869 2471 plus
891 2385 995 2454 laudis
1016 2384 1112 2452 habet
1133 2388 1236 2452 iaoens

55 2488 218 2570 soperitia
239 2506 334 2572 quam
358 2489 496 2555 culmina
517 2488 740 2554 rusticantum.
786 2490 880 2573 erigit
907 2492 1016 2555 doctos
1044 2487 1237 2555 mnsoientia

99 2607 169 2667 sua,
191 2590 224 2657 et
245 2592 272 2657 si
288 2593 411 2674 qnando
425 2592 557 2659 incertis
572 2597 751 2675 temporum
764 2592 891 2659 flatibus
905 2594 1115 2677 opponuntur,
1137 2592 1236 2657 susti·

100 2682 180 2759 nent
200 2692 294 2774 mala,
317 2713 395 2778 qnae
417 2694 548 2761 saeculis
564 2695 666 2780 magis
682 2696 759 2760 sunt
772 2694 978 2761 adscribenda
994 2711 1088 2778 quam
1102 2682 1235 2759 meritis.

154 2977 171 3031 1
188 2975 338 3031 ornfiouem
354 2974 482 3045 professio
501 2978 530 3031 et
547 2991 606 3031 mea
623 2976 679 3033 LI
681 2974 707 3031 V
813 2974 941 3031 tinctus
957 2974 986 3031 Β
1088 2974 1237 3045 auspitium

101 3070 131 3127 V
244 3069 372 3125 ditandus
398 3070 440 3133 B,
471 3069 583 3126 &tando
610 3068 667 3125 LV
691 3074 716 3125 st
742 3068 840 3136 Bm,
868 3069 996 3125 diunius
1023 3068 1048 3124 T
1159 3068 1236 3140 frigi·

97 3164 152 3219 bus
173 3163 210 3217 Τ·
295 3162 460 3249 3flndetT
544 3162 693 3219 anomoens
711 3163 740 3217 Β
828 3164 990 3235 sepeque
1005 3162 1034 3219 Β
1120 3163 1237 3233 inpreme

97 3284 128 3340 Β
238 3286 255 3341 5
281 3282 348 3339 adue
373 3282 401 3339 Β
514 3284 532 3338 6
559 3284 583 3338 si
609 3284 766 3339 excrutotus
790 3282 819 3339 Β
931 3282 948 3339 f
975 3251 1114 3341 deutsr'um
1141 3284 1169 3340 L

97 3404 346 3473 amnspuesm
368 3403 398 3458 Β
500 3366 654 3488 emistis·
681 3401 711 3456 Β
814 3381 850 3456 ἰο
875 3403 1004 3472 sussen
1031 3402 1061 3457 Β
1163 3404 1237 3457 noe

98 3506 139 3563 Γ
242 3504 410 3561 nobellusB
512 3504 646 3575 cispisB
750 3505 995 3590 liresaoaetui'
1099 3502 1237 3558 ltnitaes

98 3629 138 3694 Β,
156 3627 332 3685 nessus
420 3627 628 3685 recreares
715 3624 908 3683 amose·
918 3626 1011 3682 ose-s
1046 3670 1051 3679 .
1096 3587 1237 3709 sipara

99 3748 128 3805 r
208 3748 242 3805 14
253 3714 418 3834 metesa
497 3746 729 3803 amassenus
809 3719 1038 3831 isiotrense
1116 3742 1238 3812 queem

98 3852 265 3909 -ardorom
283 3868 334 3908 cora
352 3850 390 3907 ΒΙ
408 3850 474 3909 add.
491 3868 562 3908 corr.
579 3852 612 3906 ira
629 3867 678 3923 mp.
785 3848 819 3904 16
835 3848 864 3903 in
882 3852 912 3903 te
929 3846 971 3914 B,
998 3846 1070 3902 inter
1087 3843 1173 3903 ΜΨ

98 3946 198 4018 premii
221 3946 251 4001 Β
365 3946 397 4001 17
421 3947 509 4031 Iussus
534 3948 571 4015 (aa
589 3960 624 4001 es·
640 3942 664 4000 ff
678 3946 761 4011 corr.)
790 3943 816 4000 Τ
914 3942 1079 3999 meletos
1104 3935 1137 4007 V,
1168 3938 1239 3994 fetu-

99 4054 189 4107 lentas
218 4052 252 4107 Τ·
358 4050 391 4106 18
418 4048 557 4120 proficeret
582 4048 610 4105 Β
714 4046 851 4103 litteratos
877 4046 906 4101 Β
1011 4042 1046 4100 19
1070 4058 1237 4114 praessura

99 4170 129 4227 Β
233 4142 442 4257 merentes
545 4164 1018 4239 penmanent
1090 4164 1241 4235 comm

100 4274 130 4331 Β
234 4272 373 4330 ree-n
