2992 4967
526 378 614 433 liber
631 378 655 445 1,
681 377 793 434 31-35.
1186 380 1226 447 15

92 569 263 637 tormentis
285 570 336 635 dei
357 568 492 633 famulos
519 566 701 645 inmotstun
734 584 831 651 egens
853 584 924 633 eum
947 565 992 633 eis
1013 583 1076 633 nou
1098 568 1224 632 tuntum

93 678 135 741 ut
158 674 277 758 periton
304 672 518 749 miscerentur,
552 670 607 735 sed
631 670 713 752 quod
734 668 863 753 grauius
883 670 943 751 eet,
970 688 1027 752 per
1048 668 1225 751 rebaptize-

92 778 194 844 tionis
218 793 348 841 osenum
378 774 450 839 fidei
472 792 545 839 suso
569 776 754 839 ornaments
781 774 955 855 turparent.
999 771 1147 839 Peruenit
1166 772 1226 839 hoo

93 883 202 965 ipsum
238 898 336 961 usque
367 876 406 943 nd
427 876 574 943 notitiem
597 874 761 941 Geiserioi:
793 874 931 943 decernit
952 894 1016 956 rer,
1038 876 1077 941 ut
1103 875 1226 942 tamdiu

64 980 297 1067 sinpleesbilis
312 981 398 1046 ferus
413 998 519 1047 seruos
535 978 699 1064 affligeret,
721 978 871 1060 quamdiu
884 979 972 1045 illine
985 979 1227 1045 euoenmberent

92 1088 264 1154 uoluntati.
309 1084 403 1150 Iubet
429 1086 464 1149 in
487 1084 614 1149 modum
644 1100 802 1150 renerum
830 1084 927 1151 instes
954 1082 1098 1149 robustos
1126 1082 1226 1147 ueluti

92 1190 254 1275 palmatos
276 1206 348 1254 oum
362 1186 516 1273 stirpibus
538 1186 616 1266 fieri,
638 1187 693 1270 qui
708 1186 921 1270 quatientibus
934 1188 1032 1271 tergis
1048 1203 1108 1251 non
1122 1187 1226 1252 solum

93 1310 167 1359 osse
195 1291 436 1376 confringerent,
470 1290 647 1357 sedetiam
675 1290 872 1356 terebrantes
903 1289 1003 1355 aerlei
1036 1289 1225 1355 intrinseene

94 1396 305 1461 remanerent.
329 1393 400 1475 Qui,
425 1396 501 1459 dum
524 1395 653 1478 sangnis
676 1393 818 1459 efflueret
840 1397 872 1459 et
894 1393 1055 1476 dissipetis
1078 1392 1278 1459 cornibus34

52 1499 218 1567 rediscere
246 1499 447 1576 nudarentur,
480 1496 625 1580 sequenti
646 1497 696 1563 die
718 1495 843 1565 Christo
863 1498 1010 1564 medente
1032 1515 1155 1580 semper
1175 1497 1225 1561 in·
1262 1502 1266 1509 '

95 1601 233 1668 oolomes
255 1601 472 1667 reddebantur.
496 1600 565 1667 Hoo
578 1602 700 1681 saepius
723 1619 761 1666 no
774 1600 876 1667 multo
889 1600 1073 1667 factumest
1087 1604 1225 1683 tempore

95 1708 131 1772 et
153 1706 241 1771 nulle
263 1705 428 1789 plagarum
450 1705 587 1790 uestigio
610 1704 807 1785 uidebuntur,
829 1706 938 1771 ssnoto
959 1703 1075 1786 spiritu
1095 1705 1226 1771 subinde

95 1810 237 1876 surmio
259 1810 335 1875 Post
356 1809 415 1876 hoe
438 1810 561 1875 nrtstru
583 1808 722 1875 Maxime
744 1809 841 1873 dureo
862 1807 1024 1875 emtodieo
1043 1807 1226 1890 euspidique

95 1912 221 1979 erudeli
253 1912 447 1979 extenditur:
481 1913 531 1978 eui
559 1929 630 1977 oum
653 1910 705 1977 dei
738 1927 901 1977 seruorum
932 1909 1130 1977 uisitentium
1164 1927 1227 1979 non

56 2048 85 2087 rs
98 2017 222 2082 deesset
256 2014 451 2098 frequentis,
488 2014 666 2081 uidentibus
701 2013 821 2081 eunetis
858 2013 1033 2099 ingentium
1068 2013 1227 2098 lignorum

96 2120 282 2199 puteeoens
305 2118 409 2183 solute
423 2120 472 2183 est
488 2116 648 2183 tortitudo.
671 2116 861 2183 Mirseulum
876 2117 933 2183 hoo
948 2118 981 2183 et
995 2135 1071 2183 uooe
1086 2118 1228 2183 omnium

97 2221 285 2300 celebretur,
313 2224 346 2286 et
367 2220 465 2299 uobis,
489 2219 528 2285 nd
546 2238 639 2302 quem
654 2220 798 2287 eustodie
816 2222 1002 2303 pertinebat,
1026 2239 1098 2287 oum
1120 2240 1226 2289 neore

96 2328 204 2391 mento
227 2326 365 2391 testatus
387 2327 435 2389 est
456 2323 503 2389 its
524 2323 629 2389 fuisse.

146 2445 185 2527 (I,
205 2446 258 2529 11)
281 2446 325 2511 At
340 2444 394 2511 ubi
411 2445 594 2511 Uusndslus
617 2444 767 2509 neuun
790 2444 928 2528 neglexit
949 2462 1128 2529 eognosoere
1142 2445 1277 2516 diui-35

57 2566 182 2626 sonem,
205 2548 307 2630 eoepit
329 2548 362 2613 in
384 2546 475 2614 domo
497 2546 563 2613 eius
585 2547 754 2614 uindiotn'x
774 2549 823 2612 irs
843 2546 988 2631 grauem
1011 2548 1146 2613 Moritur
1160 2548 1227 2633 ipse

96 2650 197 2717 simul
220 2652 252 2715 et
273 2649 350 2731 filii;
379 2649 520 2715 fomiliee
551 2652 644 2734 stqne
665 2650 850 2716 animalium
871 2668 1083 2733 quoecumque
1105 2651 1226 2733 optime

97 2753 193 2819 erent
225 2754 343 2836 puriter
370 2752 537 2831 intereunt,
571 2756 780 2837 remansitque
807 2754 933 2821 domino
962 2754 1071 2833 uidua,
1100 2755 1224 2835 merito,

95 2856 176 2923 filiis
189 2858 223 2923 et
237 2854 415 2923 substantie
429 2858 591 2923 destituto
606 2856 716 2923 Sernes
729 2856 844 2924 Ohnsti
858 2859 991 2943 eognsto
1005 2859 1088 2942 regie
1099 2856 1226 2924 Seseoni

96 2959 203 3044 gretie
232 2958 371 3025 muneris
401 2959 507 3037 offert;
541 2961 595 3044 qui
617 2976 689 3026 oum
711 2978 764 3026 eos
785 2962 893 3043 utpote
921 2961 1041 3028 oblatos
1064 2978 1136 3026 oum
1156 2979 1226 3045 grs-

58 3063 253 3134 „tulstione
286 3063 385 3129 nimie
417 3064 613 3147 suseepisset,
648 3063 728 3129 filios
756 3064 808 3130 uel
829 3064 1014 3131 domesticos
1046 3067 1227 3131 senowmm

159 3266 173 3319 l
201 3267 347 3321 insectetus
378 3266 499 3322 V0²Me¹
536 3266 680 3323 moeotides
707 3268 740 3325 0¹
866 3272 883 3324 3
909 3286 1001 3325 renum
1031 3270 1059 3326 B
1092 3284 1173 3325 ooeuo
1199 3271 1226 3325 b'

96 3367 210 3407 noenum
223 3352 264 3405 b²=
282 3368 329 3422 pro
341 3368 362 3407 r.
376 3366 456 3407 oseno
468 3352 524 3408 PR
624 3354 1158 3429 ideoernitrerlreqisquipreeoeqitqi

97 3440 195 3493 berne
216 3438 264 3494 W¹
300 3437 380 3493 herus
402 3438 517 3494 W²o²or
543 3440 576 3493 irs
600 3439 730 3497 Voddit.
746 3457 768 3495 e.
788 3442 805 3497 t.
827 3442 932 3497 seilicet
948 3442 1028 3497 homo
1097 3441 1175 3497 heros
1194 3444 1227 3497 θ’

97 3524 166 3593 inpt
184 3526 212 3579 et
229 3522 309 3578 homo
326 3524 398 3579 ierus
411 3524 448 3579 Μ
532 3526 632 3595 seruos]
651 3542 727 3581 serus
748 3527 822 3584 V¹0¹
847 3544 892 3583 eos
914 3529 948 3585 θ’
970 3545 1047 3585 ωηο
1065 3528 1112 3583 W¹
1138 3544 1226 3583 seruos

97 3610 143 3663 dei
161 3608 190 3663 b·
284 3608 460 3679 edfligsretd
562 3612 579 3666 6
600 3610 716 3666 iersrm
735 3613 806 3669 M'o
908 3615 972 3671 tet
988 3631 1039 3671 oue
1063 3615 1158 3673 WPR

99 3696 135 3751 10
161 3694 314 3765 ineolomes]
340 3698 381 3753 eie
402 3697 559 3753 BWMeL
578 3698 689 3768 (11,11)
803 3701 837 3755 12
862 3702 960 3771 spiritu
977 3704 1068 3759 nnete
1091 3701 1160 3757 ΜΡ

100 3782 277 3839 remeatur
295 3781 354 3837 PR
456 3784 523 3839 dure
541 3784 665 3841 BVOP²
694 3785 792 3841 ducere
812 3788 851 3845 W
878 3788 946 3842 durs
962 3789 1002 3843 ab
1103 3789 1228 3845 mendis

97 3867 172 3921 an
257 3868 443 3939 turpidiuique
465 3871 505 3927 W
605 3870 639 3927 14
656 3872 836 3927 extenduntur
854 3872 909 3929 PR
992 3875 1037 3930 eni
1057 3876 1227 3932 WMobfflr

98 3954 147 4023 qni
166 3952 233 4009 BV¹
235 3954 323 4011 Pb¹R
349 3971 417 4027 quse
438 3956 502 4013 ΨΟ
613 3958 645 4013 17
663 3957 741 4013 nobie
758 3958 806 4014 ille
823 3960 875 4015 ab⁸
984 3960 1020 4016 20
1035 3963 1183 4019 uindietrix
1199 3964 1228 4019 B

103 4039 190 4096 VOM
215 4045 301 4095 restes
329 4041 466 4097 uindiosns
489 4058 503 4098 e
525 4060 596 4099 ooer
623 4043 787 4101 ninffiestrix
802 4046 864 4103 reti.
966 4049 1078 4104 muri
1099 4050 1159 4118 We

99 4125 135 4179 22
153 4125 284 4181 remansit
300 4143 319 4181 a
337 4142 475 4183 manens
494 4130 619 4201 itaque?
731 4131 767 4187 td
784 4133 864 4201 etque
882 4148 972 4188 seruos
987 4151 1008 4189 a
1109 4151 1227 4192 seresom

103 4212 165 4280 Wd
276 4212 311 4267 25
334 4212 493 4271 demoetioor
516 4215 567 4272 VO
599 4215 759 4273 domestiooe
781 4218 840 4273 eius
859 4220 927 4275 Ἠ
930 4221 972 4287 ee
1073 4224 1226 4277 mnrwrnrn

99 4312 152 4354 om.
170 4314 189 4352 a
