2992 4967
319 364 380 431 182
674 358 789 430 Magni
805 358 934 415 Felicis
950 358 1082 414 Ennodi

316 550 423 617 monia
441 549 649 634 frequentiam
671 550 890 627 commodetis,
912 548 945 614 in
966 566 1027 633 qno
1049 564 1139 632 opere
1160 548 1389 615 adsiduitatem
1413 549 1447 611 et

316 671 424 720 amans
448 652 572 719 exbibet
594 656 626 718 et
652 652 815 719 facundus.

824 836 931 902 XIIII.

640 973 820 1031 eunomus
843 972 1111 1030 aacfloaasssaa

358 1099 410 1164 Ita
430 1116 524 1181 snpra
545 1098 721 1163 claritatem
736 1096 856 1180 generis
872 1114 995 1161 meram
1009 1097 1077 1163 luce
1092 1094 1278 1179 profecistis,
1301 1098 1339 1160 ut
1360 1114 1439 1179 qnos
1460 1121 1474 1161 s

316 1202 413 1267 etiam
440 1199 529 1266 uobis
555 1216 618 1265 non
645 1199 743 1265 nectit
765 1200 980 1282 propinquitas
1005 1202 1133 1266 actuum
1154 1202 1333 1264 uestrorum
1355 1201 1439 1264 bona

316 1303 479 1370 subiciant.
524 1301 593 1384 quis
621 1302 703 1367 enim
723 1319 785 1368 non
807 1302 977 1384 perfectam
998 1304 1207 1368 reuerentiam
1234 1304 1277 1368 sit
1306 1304 1438 1385 paratus

315 1406 479 1489 inpendere
501 1405 624 1470 animae
645 1404 750 1469 iudei
773 1404 896 1470 cultura
916 1403 1067 1470 sublimi?
1089 1405 1162 1487 quia
1179 1406 1379 1488 peragrinum
1401 1423 1437 1469 se

315 1509 430 1577 facita
456 1506 658 1590 redemptoris
686 1508 790 1591 gratia
817 1508 872 1589 qui
899 1506 956 1571 deo
979 1525 1041 1572 non
1062 1508 1190 1589 suspiu‘t
1217 1506 1436 1590 obsequentes.

315 1612 464 1679 indicium
497 1613 580 1677 enim
613 1612 661 1676 est
695 1610 938 1676 conuersationis
969 1612 1154 1693 praecipuae
1182 1609 1300 1677 Christi
1332 1611 1468 1678 noemin

316 1734 419 1785 amare
442 1716 594 1781 cultores:
620 1714 779 1796 proximus
800 1718 849 1778 est
871 1714 1133 1780 emendatissimis
1160 1716 1214 1797 qni
1240 1714 1347 1797 diligit
1369 1714 1433 1780 iam

314 1819 476 1906 probatos:
490 1816 705 1883 testimonium
715 1816 772 1881 dat
786 1818 936 1883 bonerum
945 1816 1014 1881 sine
1029 1816 1222 1882 dubitatione
1236 1818 1433 1893 meritorum,

315 1925 341 1989 si
356 1922 483 1988 studeas
498 1919 642 1986 laudibus
657 1920 801 2004 prosequi
815 1920 874 1986 eub
889 1921 994 1987 debita
1014 1920 1245 1986 continuatione
1259 1920 1433 2002 perfectos:

315 2025 352 2090 lit
368 2022 485 2089 sanatis
500 2022 658 2105 proximus
672 2021 726 2105 qui
740 2022 774 2086 in
787 2022 854 2088 illis
867 2024 935 2087 sine
957 2023 1029 2089 fuco
1043 2023 1202 2106 praedicat
1214 2023 1433 2088 mebtatem:

315 2143 538 2213 quemeumque
550 2124 713 2210 diligentia
728 2126 872 2191 hortante
886 2126 1078 2210 praetuleris,
1094 2126 1291 2209 dispendium
1305 2124 1469 2208 pudorisns

315 2235 373 2309 eet,
394 2230 427 2295 ni
449 2229 596 2312 sequaris.
639 2228 709 2311 quis
730 2229 821 2295 salua
849 2229 1033 2294 uerecundia
1057 2248 1113 2313 per
1135 2232 1260 2313 spinosa
1286 2226 1436 2312 gradiens

314 2334 483 2419 purgatum
505 2334 565 2399 iter
587 2332 719 2399 adtollat
742 2333 776 2397 et
795 2332 880 2397 uiam
901 2333 1015 2399 salutis
1035 2332 1189 2415 aspiciens
1219 2332 1315 2397 ealles
1337 2332 1438 2415 eligat

315 2437 497 2502 noxiorum?
531 2434 680 2518 professio
703 2436 861 2501 caecitatis
883 2440 931 2501 est
952 2435 1033 2501 bona
1053 2437 1127 2501 aute
1149 2434 1253 2501 oculos
1274 2437 1308 2501 in
1329 2452 1435 2499 exem·

313 2540 402 2623 plum
423 2538 524 2605 locata
547 2557 689 2621 respuere
712 2542 744 2602 et
765 2537 847 2603 unde
867 2538 1042 2604 imitatione
1068 2538 1211 2621 proficias
1232 2556 1296 2603 non
1316 2538 1434 2603 terame

313 2640 402 2720 baec,
424 2642 469 2706 mi
490 2641 631 2719 domina,
662 2640 701 2706 de
722 2642 755 2706 te
776 2658 837 2706 non
858 2640 985 2706 incertis
1007 2640 1092 2707 fama
1119 2640 1279 2707 nuntiauit
1301 2640 1471 2715 indidisse

313 2762 376 2811 non
397 2744 508 2827 loquar
531 2743 647 2829 uulgus
669 2762 724 2826 per
738 2746 847 2827 ignara
867 2744 975 2809 indicii
997 2762 1053 2810 era
1067 2744 1210 2823 iactauit,
1232 2745 1282 2809 oui
1305 2762 1374 2810 moa
1388 2747 1436 2809 est

313 2849 351 2913 de
371 2847 516 2913 humanis
539 2846 678 2925 aebbns,
701 2849 776 2911 dum
797 2847 950 2913 scintillas
971 2849 1004 2913 in
1026 2864 1116 2932 rogos
1138 2849 1272 2925 enimet,
1299 2846 1435 2931 amplifi·

313 2954 398 3016 cates
425 2948 564 3015 fidelium
591 2948 732 3014 flammas
760 2950 949 3033 extinguere.
993 2951 1052 3015 boo
1080 2955 1256 3016 nostrornm
1285 2948 1435 3015 relatione

311 3050 572 3135 propinquorum,
605 3052 767 3135 praecipue
795 3053 902 3117 famen
928 3052 1056 3117 domina
1082 3055 1115 3119 et
1147 3071 1251 3120 sorore
1279 3050 1435 3135 blnprapia

367 3272 382 3325 1
401 3271 595 3327 adsiduetatcm
614 3272 642 3325 Β
744 3272 888 3327 tanbibat
905 3274 945 3343 at]
962 3272 1093 3328 enbibltet
1108 3274 1158 3330 Bb

364 3374 439 3429 XIV.
468 3374 656 3431 derectamise
668 3376 775 3444 BLVb,
793 3376 956 3432 archotamia
970 3378 996 3431 T
1087 3376 1321 3447 iproiecistis(ea
1333 3376 1433 3440 scald.

311 3460 454 3531 proficietis
470 3460 506 3527 B,
534 3461 663 3531 proficitis
681 3461 768 3517 ΜΨ
857 3463 875 3517 6
891 3465 980 3519 ποσ1Θ1
998 3462 1046 3519 Bb
1130 3466 1234 3519 whom
1251 3462 1278 3517 L
1371 3462 1390 3515 8
1405 3461 1434 3516 in

315 3547 342 3602 V
357 3564 378 3603 a.
396 3548 415 3603 l.
516 3548 533 3601 9
551 3564 580 3601 a·
597 3548 625 3616 (d
642 3552 724 3616 erce.)
741 3548 770 3602 Β
873 3549 1033 3617 redemptori
1050 3549 1079 3602 Β
1180 3548 1297 3617 suspicet
1314 3547 1351 3616 B,
1376 3562 1432 3601 sus-

311 3634 379 3703 cipit
396 3634 451 3689 M*
555 3632 588 3688 10
609 3634 790 3689 concessionis
810 3635 837 3690 Τ
935 3634 1074 3704 praecipue
1094 3634 1148 3690 TV
1248 3634 1279 3688 11
1301 3632 1434 3702 proximas

312 3718 373 3783 Bb,
404 3718 531 3788 proximis
561 3716 619 3774 LV
733 3719 834 3790 diligat
860 3720 904 3785 Β,
934 3719 1032 3789 diliget
1056 3721 1085 3775 Β
1207 3718 1239 3775 12
1266 3719 1315 3773 das
1344 3719 1369 3775 I'

311 3806 345 3860 15
362 3820 539 3875 quaecamque
560 3802 609 3859 Bb
699 3808 806 3878 ortante
825 3804 959 3861 amm?
1053 3807 1086 3861 16
1102 3807 1141 3876 ni]
1159 3821 1193 3861 na
1210 3804 1267 3870 Bb,
1292 3806 1322 3858 iu
1340 3804 1367 3859 In

311 3890 465 3945 uerecundia
488 3889 523 3945 1¹¹
627 3890 723 3959 pinosa
739 3891 768 3945 Β
873 3892 904 3946 11
922 3891 1001 3946 callis
1017 3892 1046 3946 Β
1149 3892 1183 3948 18
1199 3891 1323 3947 oeoitalis
1339 3892 1368 3947 Β

312 3992 345 4046 19
363 3992 492 4062 respuere]
511 3994 640 4063 respicere
658 3992 739 4049 Sim.
851 3992 886 4048 ab
907 3993 955 4063 mi]
977 4010 1036 4050 mes
1059 3997 1075 4050 b
1184 3995 1218 4050 21
1239 3968 1322 4067 rflgns
1340 3995 1367 4049 Β

311 4077 466 4146 ignorantia
485 4077 512 4132 L
604 4078 639 4133 22
650 4080 683 4134 de
695 4094 745 4135 osa.
759 4079 787 4134 L
881 4080 1022 4136 somtellas
1040 4081 1068 4135 Β
1152 4096 1232 4152 rogos
1249 4082 1273 4147 b,
1300 4096 1380 4151 rogas
1395 4082 1430 4149 Β,

311 4176 406 4231 rogum
435 4162 518 4219 ΜΨ
627 4167 777 4237 suplicatas
802 4167 830 4221 Β
949 4166 984 4221 24
1010 4168 1169 4252 pmcipuae
1196 4167 1224 4222 B
1337 4166 1432 4223 domna

311 4264 392 4323 dim
497 4268 637 4337 enpraspia
655 4268 710 4336 Bb,
738 4270 834 4341 suppia
850 4270 907 4326 ΒΤ
