2992 4967
523 352 754 423 Epistularum
777 354 866 411 liber
883 355 946 411 vn.

692 560 778 627 xxi.

556 711 701 769 msxruo
720 712 911 769 ennomus

217 835 277 902 Vbi
306 840 354 901 est
382 836 457 905 fidos
485 837 676 919 splendentis
697 836 877 919 periclitato
898 837 1119 913 conscientiae,
1148 854 1241 920 quam
1263 838 1294 900 et

173 938 206 1003 in
234 938 323 1006 annis
351 940 521 1023 puerilibus
550 957 628 1005 cana
656 939 830 1004 reuerentia
850 956 910 1004 non
933 940 1096 1022 relinquit,
1124 956 1220 1022 qnam
1240 957 1294 1021 per

152 1040 243 1107 saeui
265 1042 487 1124 praeiudicium
502 1041 703 1108 obseruantia
716 1040 888 1107 honestatis
902 1043 1044 1120 inradiat,
1068 1060 1146 1124 quae
1165 1043 1198 1107 in
1212 1045 1294 1106 tom·

173 1162 246 1227 poro
268 1144 440 1209 iuuentutis
464 1146 583 1211 actibus
606 1148 821 1214 maturescens
842 1145 1012 1211 infantiam
1041 1146 1180 1229 ingressa
1203 1162 1294 1227 pras·

172 1246 313 1313 labitur?
334 1248 486 1331 numquid
508 1266 641 1331 aequum
665 1247 728 1324 init
750 1249 885 1314 amantis
906 1248 1028 1333 paginis
1051 1249 1177 1316 tantum
1202 1268 1293 1313 man·

173 1350 248 1417 data
275 1350 414 1427 restitui,
444 1354 499 1418 aut
526 1368 581 1435 par
609 1351 687 1415 tides
711 1355 758 1418 ost
779 1351 893 1417 liberae
919 1352 1082 1435 scriptioni
1102 1355 1133 1418 et
1161 1352 1294 1441 famum

172 1453 323 1535 numquid
348 1454 475 1536 dignum
497 1454 636 1537 probatis
658 1453 798 1521 moribus
820 1452 984 1521 censuistis
1011 1460 1234 1537 prouocantem
1255 1458 1294 1522 ad

137 1554 274 1621 rooificia
296 1554 441 1639 religiosa
461 1573 523 1623 non
544 1558 702 1639 subsequi,
725 1557 776 1623 uel
798 1557 885 1623 noles
901 1558 1036 1639 putastis
1052 1558 1199 1640 epistolas
1220 1559 1292 1623 rod·

172 1656 259 1735 ders,
294 1676 370 1740 quas
398 1657 487 1725 uobis
509 1659 590 1725 inter
620 1677 761 1725 excessus
791 1659 922 1741 contigit
950 1675 1012 1725 non
1039 1660 1179 1741 cepisse?
1216 1661 1292 1726 haec

172 1760 271 1845 iffl'tur
293 1764 339 1825 ost
361 1761 417 1826 tua
437 1760 626 1845 discipline?
671 1779 732 1827 non
753 1761 851 1827 talem
871 1764 904 1826 te
924 1761 1062 1846 probitas
1089 1762 1164 1829 olim
1193 1763 1293 1829 mani·

173 1862 288 1930 iestata
308 1863 499 1930 disseminet.
523 1882 579 1947 ego
599 1867 708 1929 tamen
728 1863 917 1946 loquacitate
940 1883 1002 1947 qua
1015 1869 1107 1931 notus
1123 1885 1194 1934 sum
1207 1866 1294 1931 indu·
1394 1933 1399 1945 ,

172 1975 242 2034 rata
262 1968 344 2035 nitor
367 1969 488 2035 mutare
510 1969 643 2038 silentia.
668 1968 820 2053 numquid
842 1968 902 2038 tibi
916 1968 1005 2051 inpar
1022 1974 1069 2033 est
1084 1971 1191 2055 lingua
1205 1972 1294 2035 nate·

137 2070 279 2135 salibus?
304 2074 358 2137 ant
381 2090 442 2137 non
457 2071 674 2155 testimouium
698 2069 821 2157 generis
843 2070 1099 2137 adnuntiasflore
1120 2073 1292 2139 sermonis?

147 2172 322 2255 numquid
352 2176 470 2239 ostrum
503 2172 650 2257 loquendi
676 2176 792 2244 deserit
818 2176 952 2259 pectoris
982 2175 1113 2241 fecunda
1140 2174 1293 2254 dictatio?

171 2275 251 2341 nibil
273 2276 333 2342 nisi
355 2276 509 2343 malitiam
530 2277 671 2362 resignat
692 2278 748 2361 qui
769 2296 839 2344 cum
863 2279 961 2359 possit
988 2276 1178 2343 desideranti
1198 2277 1295 2344 uerba

173 2396 233 2445 uon
255 2378 377 2445 tribuit.
405 2398 473 2445 ecee
487 2381 570 2447 inter
585 2380 778 2447 ructationes
793 2381 892 2462 Lyaeo
915 2379 1036 2446 debitas
1053 2380 1157 2463 qualia
1171 2376 1292 2449 Silenus

172 2482 252 2549 alter
273 2483 370 2548 uerba
392 2500 537 2567 conpone.
582 2482 779 2549 scribendum
809 2483 915 2551 sciatis
944 2502 1057 2549 nomen
1086 2484 1226 2549 nestum
1254 2484 1294 2549 ad

136 2607 163 2647 oo
170 2584 255 2669 genii
277 2586 338 2653 mei
360 2604 529 2669 purpuram
544 2586 575 2651 et
590 2584 706 2651 libellis
728 2585 862 2670 propriis
881 2587 1090 2665 inserendum,
1112 2589 1157 2667 nt,
1181 2587 1293 2651 etiam·

171 2687 200 2753 si
221 2687 301 2753 nihil
323 2689 441 2755 tribues
461 2691 501 2756 de
520 2706 681 2772 responso,
710 2708 768 2773 ogo
788 2692 896 2755 tamen
916 2707 1016 2756 arcem
1042 2694 1180 2767 teneam,
1212 2688 1292 2773 quod

171 2794 210 2857 ad
232 2792 337 2857 doctos
359 2790 443 2855 uiros
475 2791 575 2875 dirigo
603 2793 670 2857 sine
700 2791 904 2875 trepidatione
931 2792 1035 2874 aliqum
1057 2794 1136 2875 quod
1159 2793 1291 2877 legatur.

171 2896 297 2962 domine
316 2896 369 2978 mi,
392 2896 495 2979 accipe
508 2898 642 2969 ,nostrae
664 2896 860 2964 salutationis
875 2896 1023 2979 obsequia
1043 2893 1291 2968 roddensdebita

170 2998 356 3065 litterarum.

136 3150 161 3191 es
294 3117 346 3185 Sic
368 3117 427 3183 tibi
448 3118 612 3200 uirginitas
635 3137 781 3185 mansuro
803 3118 978 3185 constatis
1001 3138 1086 3196 acuo,
1218 3164 1221 3168 ν

335 3220 400 3287 Nec
425 3223 531 3304 pereat
552 3223 698 3306 quicquid
721 3224 789 3288 uita
810 3223 901 3289 beata
923 3222 1021 3304 dedit,

222 3475 293 3531 XXI.
329 3475 405 3529 3est
423 3474 506 3529 crab
598 3476 793 3531 etsensim
888 3475 1094 3545 rmumrbbus
1111 3474 1138 3529 L
1213 3472 1290 3529 'roli-

170 3562 235 3630 qnid
261 3564 287 3619 T
385 3562 403 3617 5
428 3561 602 3631 perindicium
629 3562 657 3617 Ia
759 3564 777 3619 6
802 3562 980 3617 maturisoens
1007 3562 1034 3617 L
1136 3560 1152 3613 i
1180 3562 1290 3629 paginas

172 3648 209 3703 V¹
306 3647 449 3703 maudatb
519 3688 522 3709 2
552 3648 672 3703 Blibcra
688 3648 737 3702 Bb
839 3648 981 3717 scriptioni
999 3647 1108 3715 scripsi,
1135 3646 1289 3715 scriptionis

169 3734 298 3791 BLTVb
392 3736 510 3792 famulae
526 3735 593 3801 fort.
689 3734 722 3789 10
738 3734 814 3791 nelos
831 3736 870 3791 11¹
965 3735 996 3790 11
1014 3734 1043 3788 in
1060 3731 1138 3789 uobis
1155 3732 1223 3788 ΒΨ

169 3838 293 3879 excursus
309 3822 375 3889 fort.
469 3823 589 3893 contigat
607 3821 634 3877 Β
731 3822 845 3891 coepisse
861 3820 890 3876 Β
993 3820 1026 3874 12
1043 3822 1070 3874 to
1086 3819 1152 3875 olirn
1169 3819 1245 3887 (olim
1262 3822 1290 3873 te

173 3908 210 3973 T)
229 3907 348 3976 probitas
370 3907 426 3965 br
429 3908 454 3965 V
553 3910 586 3967 1³
609 3907 762 3966 dissiminat
778 3908 807 3962 Β
911 3907 943 3961 16
960 3905 1092 3962 ostiumb
1188 3906 1291 3988 deseret

169 3994 254 4051 ΜΨ
339 3994 449 4049 lsoonds
466 3995 502 4050 T¹
587 3996 629 4051 17
647 3994 782 4049 maliciam
799 3993 827 4048 Β
910 3991 1042 4063 resignat]
1060 3992 1184 4063 daignat
1200 3992 1227 4045 Β
1246 3997 1290 4061 (m.

168 4080 256 4148 reci)
276 4080 291 4135 b
395 4079 427 4135 18
450 4081 554 4135 sdanns
577 4081 605 4136 Β
630 4102 635 4135 ¹.
704 4080 737 4135 22
756 4085 819 4149 port
836 4078 927 4148 aliqua
943 4082 1014 4136 8-9
1032 4079 1083 4133 litt
1102 4094 1170 4133 eros.
1193 4078 1221 4133 Β

168 4167 203 4222 23
219 4165 301 4252 misti
320 4167 350 4232 Τ,
377 4165 445 4221 mihi
462 4165 567 4221 ΒΜ
652 4166 764 4237 accipito
782 4166 821 4221 B¹
911 4165 947 4221 24
962 4165 1126 4234 litterarum]
1144 4163 1206 4234 fluit
1223 4162 1288 4219 odd.

170 4268 395 4340 Remorum
500 4269 953 4340 lisia-p.190,4flmtomT
