2992 4967
449 312 681 381 Epistularum
699 312 786 367 liber
803 312 867 368 vn.
1158 312 1220 379 175

92 504 200 568 totum
225 501 386 567 uobiscum
414 502 518 567 lumen
547 502 705 567 amitteret
732 520 789 566 nec
811 500 895 567 diem
922 522 1026 569 meum
1047 504 1105 569 snb
1126 502 1218 569 amici

90 605 271 687 praesentia
293 604 404 669 clausis
427 603 552 669 orbibus
574 605 719 671 intuerer.
756 604 831 671 haec
859 605 887 669 si
913 624 968 689 par
990 604 1218 688 neglegentiam

92 707 309 791 contigerunt,
343 706 552 772 aestimationi
584 706 766 789 relinquetis
799 724 891 789 quem
924 707 1004 791 apud
1031 725 1089 773 nos
1117 707 1219 772 locum

92 809 271 877 obtineam:
307 809 432 874 ferenda
465 810 539 873 stnt
561 809 718 888 acerbius,
753 810 780 873 si
811 809 1036 895 intelleguntur
1059 812 1219 875 accessisse

67 930 150 995 sper
172 914 322 979 studium.
347 930 428 977 nunc
450 912 530 994 nale,
553 912 598 977 mi
621 912 756 994 domine,
779 912 812 977 et
832 913 974 977 animam
995 930 1102 977 meum
1125 931 1219 994 quern

91 1015 128 1079 in
162 1014 296 1079 statione
330 1016 495 1081 consistere
532 1015 644 1081 suadet
680 1017 855 1082 innocentia
891 1016 977 1099 origo
1015 1017 1217 1099 propositum,

92 1118 134 1181 ad
166 1116 318 1199 potiorem
350 1118 469 1201 gratiae
501 1120 636 1201 partem,
671 1119 744 1201 qnia
776 1118 865 1186 nobis
897 1118 1076 1185 sinceritate
1105 1117 1217 1200 patuit,

92 1220 261 1287 inuitato.-

638 1424 673 1490 V.

55 1592 82 1631 no
470 1578 653 1634 ENNODIVS
681 1574 842 1633 sannam.

137 1705 293 1793 Quamuis
320 1707 351 1769 te
381 1703 543 1769 dominnm
576 1721 679 1768 meum
711 1720 766 1785 per
798 1700 1001 1767 intemeratae
1033 1702 1218 1766 documenta

93 1807 168 1873 fidei
191 1806 371 1891 principalis
399 1804 460 1871 sibi
488 1823 561 1872 eura
584 1806 750 1889 coniungat
776 1805 807 1869 et
835 1822 958 1871 morum
986 1804 1139 1871 claritudo
1172 1807 1219 1871 ita

93 1910 228 1995 publicis
251 1907 342 1975 rebus
364 1910 512 1987 misceat,
548 1912 583 1973 ut
605 1907 750 1975 amabilis
773 1930 792 1975 a
813 1909 846 1973 te
867 1926 1008 1991 saporem
1029 1906 1144 1991 quietis
1166 1926 1217 1973 ex·

93 2014 218 2091 cludat,
248 2031 309 2078 non
338 2016 426 2079 credo
450 2014 553 2079 tamen
576 2012 623 2077 ita
644 2012 826 2096 religionem
848 2009 1006 2077 amicitiae
1027 2010 1217 2095 posthaberi,

57 2120 214 2183 autnon
242 2115 432 2181 satisfaciens
457 2115 515 2180 'deo
546 2114 718 2181 adiuuante
746 2112 909 2197 regnantis
942 2112 1081 2195 imperiis
1111 2112 1219 2180 debita

93 2238 152 2285 sua
173 2218 317 2285 refundas
340 2216 474 2284 affectui.
505 2218 604 2282 nostis
627 2217 701 2299 quid
723 2219 832 2298 poscet
853 2216 941 2294 aula,
965 2216 1039 2299 qnid
1059 2217 1163 2301 gratia
1186 2220 1218 2281 et

92 2339 155 2386 uno
178 2321 344 2403 eodemque
367 2321 505 2405 tempore
532 2337 588 2385 nec
612 2337 715 2383 rerum
739 2318 852 2385 deestis
875 2317 1000 2383 domino
1029 2338 1085 2385 nec
1108 2320 1217 2399 amori,

93 2424 216 2505 quando
240 2421 434 2489 Christianae
467 2422 581 2487 mentis
614 2421 779 2503 integritas
813 2438 867 2505 per
895 2420 950 2487 hae
978 2423 1083 2503 partes
1117 2422 1219 2489 diuisa

92 2526 254 2592 solidatur.
282 2524 330 2591 his
352 2544 424 2609 ergo
447 2524 689 2591 sollicitudinem
713 2543 816 2589 meam
838 2524 928 2589 credo
950 2524 1090 2604 celerari,
1106 2525 1217 2609 quibus

57 2628 281 2694 »uenerabilis
311 2626 498 2693 consuetudo
527 2630 668 2693 seruatur
690 2625 814 2691 studiis.
854 2626 980 2692 tantum
1010 2631 1069 2711 eet,
1102 2633 1138 2695 ut
1166 2629 1217 2694 dei

93 2733 191 2797 nostri
214 2731 336 2797 solaciis
357 2730 538 2813 magnitudo
560 2733 665 2797 uestra
687 2728 795 2795 adiuta
816 2729 1001 2812 gratuletur.
1023 2728 1147 2797 domine
1162 2732 1217 2810 mi,

93 2834 293 2901 salutationis
316 2834 459 2917 obsequia
474 2837 674 2919 praesentans
697 2851 796 2914 spero,
819 2832 855 2897 nt
870 2833 907 2898 de
929 2835 1035 2897 uestro
1049 2832 1102 2897 uel
1125 2832 1217 2899 amici

93 2938 191 3004 uestri
219 2937 325 3003 domni
347 2938 457 3003 Fausti
480 2940 564 3003 statu
587 2935 720 3003 hilarem
742 2955 793 3001 me
816 2935 883 3001 fieri
908 2934 1013 3000 uotiuo
1036 2932 1216 3002 litterarum

95 3038 255 3125 contingat
276 3040 400 3107 indicio.

145 3328 274 3383 aetneis
287 3330 314 3396 (a
326 3331 407 3391 arca.)
420 3327 447 3383 L
545 3328 739 3398 negligentiam
758 3328 814 3383 ΒΤ
909 3328 927 3381 4
945 3328 1092 3384 obstineam
1110 3328 1149 3383 Βι

91 3424 287 3493 intelliguntur
303 3423 389 3479 ΒΝ
480 3423 631 3493 taceamne]
648 3422 774 3478 nondum
787 3422 869 3477 Sisara
969 3424 1117 3479 tanimum
1128 3439 1217 3479 meum

92 3519 209 3587 empti,
236 3518 325 3571 animo
349 3534 407 3572 mec
430 3516 561 3573 BLYVb
664 3520 681 3573 6
706 3518 799 3573 euafflt
824 3519 852 3573 Β
954 3518 1121 3573 innocentiae
1145 3522 1215 3575 coni.

93 3612 221 3668 Sctottue
323 3612 496 3683 propositum]
518 3612 636 3681 peritum
652 3613 703 3667 Bo
807 3613 823 3667 1
846 3612 882 3667 acl
898 3628 948 3667 oua.
968 3612 1050 3667 Sim
1152 3613 1218 3682 qnia

93 3705 202 3772 BLVt,
232 3722 284 3775 qua
304 3705 371 3763 Tot
389 3705 471 3761 Sirra
575 3708 592 3762 8
608 3707 721 3763 incitate
739 3707 766 3761 L

145 3824 178 3883 V.
213 3828 245 3882 11
269 3822 437 3883 intimaratae
459 3828 487 3882 Β
592 3827 625 3883 12
647 3826 778 3882 claritudo
795 3828 820 3896 (r
840 3828 872 3881 ior
889 3829 957 3897 ras.)
979 3827 1008 3880 Β
1111 3827 1145 3882 lt
1166 3828 1216 3882 mi·

93 3934 180 3996 cessat
199 3930 226 3986 L
329 3932 514 4002 reportarem
533 3932 560 3985 Β
664 3930 698 3987 16
714 3933 806 3985 nostae
825 3930 852 3985 Β
950 3934 978 3985 et
995 3946 1046 3987 om.
1066 3930 1147 3987 Sim

94 4025 128 4079 20
146 4025 463 4095 emautur-magnitudo
481 4042 531 4083 ora.
543 4024 572 4079 Β
589 4024 655 4080 cdd.
666 4041 688 4080 a.
700 4025 717 4080 l.
729 4040 800 4081 corr.
898 4024 930 4080 21
949 4026 1055 4080 aelatiie
1071 4025 1153 4081 ΜΨ

95 4160 121 4199 m
141 4146 171 4212 Τ,
197 4144 267 4198 milri
285 4142 385 4200 BLVt
488 4144 523 4200 22
539 4148 676 4217 praestana
694 4145 761 4201 LV¹
863 4160 939 4216 spero
956 4146 982 4201 1'
997 4146 1135 4213 simut,
1159 4164 1216 4217 spe·

95 4256 156 4295 rana
175 4239 254 4307 ΒΨ,
279 4241 387 4309 sperant
403 4240 442 4295 L¹
544 4240 579 4296 23
599 4241 700 4296 (1οωίιί
721 4242 765 4297 Τὸ
