2992 4967
261 356 317 406 1111

262 528 379 594 ceteros
401 525 496 593 libros
518 524 610 609 longe
625 526 754 609 superet
775 526 818 601 et,
840 522 1015 589 emendatio
1030 527 1066 589 ut
1080 523 1169 590 firmo
1184 523 1387 591 fundamento

261 630 389 714 nitatur,
412 630 536 712 plenam
552 644 720 712 ueramque
735 628 895 712 archetypi
910 628 1051 693 omnium
1063 627 1204 694 codicum
1218 628 1388 711 imaginem

260 734 369 817 retingi
391 750 517 797 necesse
540 731 596 797 est.
626 730 665 796 ab
687 749 722 795 eo
745 734 851 796 autem
872 730 1085 797 Bruxelleneis
1106 732 1217 797 multis
1237 730 1388 815 gradibus

260 836 387 919 propius
410 835 498 902 abeet
520 852 614 917 quam
636 834 759 917 reliqui,
783 833 838 917 qui
859 834 956 901 uariis
973 834 1031 899 uiis
1047 853 1084 900 ex
1101 851 1162 900 uno
1177 834 1280 901 codice
1295 833 1388 900 hodia

261 938 420 1018 deperdito
444 937 678 1004 descenderunt.

209 1063 236 1127 V
304 1058 404 1125 codex
426 1058 644 1125 Vaticanus
665 1074 741 1123 saec.
762 1056 932 1122 VIIII—X
953 1076 999 1123 nr.
1022 1056 1106 1123 3803
1128 1061 1161 1123 in
1182 1057 1216 1123 4⁰
1237 1056 1386 1123 foliorum

263 1162 333 1241 156,
357 1163 445 1227 cuius
468 1162 646 1227 accuratam
664 1159 903 1242 descriptionem
918 1162 956 1225 A.
972 1160 1191 1228 Reifferscheid
1212 1160 1246 1227 in
1261 1160 1385 1226 Baitio-

258 1264 346 1331 ccccc
368 1262 507 1331 Petrum
528 1263 703 1329 latinorum
724 1264 846 1330 Italico
871 1284 901 1349 p.
923 1265 1107 1331 ete-494
1134 1264 1280 1331 coniecit.
1312 1282 1385 1329 eum

258 1371 292 1435 iu
316 1386 423 1435 meum
453 1385 544 1435 usum
568 1367 607 1432 Α.
631 1368 706 1435 Mau
735 1368 829 1433 solite
858 1367 1024 1453 diligentia
1052 1368 1186 1435 contulit
1215 1366 1386 1451 multisque

257 1474 344 1553 locis,
372 1473 405 1539 in
434 1471 544 1555 primis
572 1469 687 1536 ubido
715 1475 925 1537 correctorum
951 1472 1094 1538 manibus
1122 1470 1277 1537 dubitatio
1306 1472 1386 1547 erat,

257 1576 288 1643 J.
311 1574 521 1643 Zechmeieter
542 1577 574 1639 ot
597 1574 634 1639 B.
658 1573 807 1657 Meyncke
835 1574 950 1640 iterum
977 1575 1153 1657 iterumque
1174 1574 1382 1656 inspexerunt.

256 1679 343 1744 totus
366 1678 472 1745 autem
494 1677 649 1742 constanti
670 1674 734 1741 fere
756 1695 830 1743 cure
852 1694 872 1742 a
893 1696 987 1742 mauu
1015 1676 1134 1743 librarii
1157 1676 1255 1759 ipsius
1283 1677 1384 1741 altero

257 1780 427 1865 exemplari
447 1797 510 1847 non
531 1780 563 1845 iu
586 1778 736 1845 auxilium
758 1783 868 1846 uocato
891 1786 1048 1847 correctus
1070 1800 1137 1847 esse
1163 1781 1300 1857 uidetur,
1321 1778 1384 1843 nisi

257 1882 338 1965 qood
365 1900 421 1966 per
447 1898 547 1963 pauca
573 1879 649 1947 tolie
677 1880 711 1946 in
738 1879 943 1964 Apologetico
972 1899 1027 1965 pro
1056 1883 1172 1967 synodo
1195 1884 1251 1968 (=
1269 1880 1382 1965 Opuao.

256 1986 301 2067 Il)
333 1984 434 2051 altera
461 2002 571 2049 manue
600 2002 694 2067 eaque
721 1984 875 2051 recentior
907 1986 939 2050 et
965 1984 1181 2067 interpolatrix
1210 1984 1381 2068 dispicitur.

256 2092 449 2154 correcturae
483 2088 588 2153 autem
621 2088 786 2170 pleraeque
819 2104 927 2153 omnes
954 2089 989 2153 in
1016 2090 1230 2155 emendatione
1262 2088 1387 2154 nullius

255 2191 408 2258 momenti
429 2193 513 2270 sunt,
537 2189 703 2257 nonnullae
735 2189 861 2256 tantm
888 2190 1051 2275 archetypi
1072 2192 1242 2273 scripturae
1265 2191 1383 2258 descri-

255 2296 352 2362 bendo
374 2294 487 2361 leniter
509 2295 645 2361 mutatas
663 2296 855 2360 rcuooarunt.
880 2295 1052 2378 propinquo
1067 2296 1259 2379 cognationis
1281 2296 1382 2379 gradu

255 2418 327 2465 cum
349 2398 453 2465 codice
475 2397 687 2465 lambethano
715 2398 897 2464 coniunctus
919 2402 976 2479 eet,
1007 2416 1099 2482 quem
1120 2402 1228 2463 tamen
1250 2398 1383 2480 integri·

253 2503 320 2567 tate
342 2504 467 2585 totoque
490 2501 601 2567 habitu
623 2500 714 2584 longe
737 2505 872 2585 superat.

203 2608 228 2671 L
298 2603 443 2671 Ordinem
479 2604 789 2671 Lambothcnum
823 2624 871 2669 nr.
901 2604 965 2670 326
1001 2602 1133 2670 membr.
1169 2603 1204 2669 in
1231 2603 1264 2667 4⁰
1299 2620 1382 2669 eaeo.

254 2708 436 2774 VIIII-x
458 2708 605 2774 foliorum
629 2707 690 2773 144
716 2708 766 2790 (ci.
781 2707 822 2773 Κ.
845 2706 1221 2791 ZangemeisterBen'eit
1241 2708 1316 2771 iter
1330 2705 1381 2770 die

253 2813 298 2876 im
334 2811 494 2893 Adstrepe
529 2811 585 2875 der
621 2810 874 2877 Kirchereoeiter-
887 2808 1095 2876 Oommieeicn
1130 2814 1388 2875 uctooommenc

254 2912 535 2997 Durctforsciruop
563 2913 620 2977 der
639 2912 863 2980 Bibliottelceo
883 2912 1071 2997 Enplance,
1104 2932 1134 2998 p.
1156 2914 1199 2979 56
1222 2914 1255 2978 et
1277 2912 1384 2978 Pentri

252 3016 374 3083 Aratio
402 3017 466 3082 VII
494 3036 523 3100 p.
547 3016 608 3081 237
633 3019 664 3081 et
686 3016 758 3098 82),
795 3016 829 3082 in
858 3036 964 3083 meum
992 3036 1084 3082 usum
1113 3017 1175 3083 uiri
1204 3016 1381 3083 doctissimi

252 3120 385 3186 Werner
408 3121 439 3185 et
460 3120 554 3185 Nolte
576 3119 787 3186 contuleruut·
810 3119 838 3184 is
859 3124 1035 3204 temporum
1056 3120 1222 3203 iniquitate
1243 3120 1382 3202 maniter

253 3224 394 3290 adflictus
417 3228 486 3288 est:
513 3223 685 3305 permultae
708 3222 835 3289 litterae
856 3241 981 3306 prorsus
1004 3224 1198 3289 auauucrunt
1219 3226 1275 3288 aut
1297 3223 1380 3289 mele

253 3328 360 3409 postea
386 3326 520 3392 reiectae
547 3330 631 3409 eunt,
662 3344 762 3409 nequo
790 3328 883 3393 unius
905 3331 1031 3393 tantum
1053 3327 1234 3410 corrigentis
1267 3344 1381 3393 manus

169 3443 173 3457 ·
252 3432 286 3495 in
314 3430 511 3496 emendandis
540 3433 595 3495 eut
623 3430 831 3513 deprauaudie
859 3430 1020 3497 uocabulis
1045 3432 1188 3515 grassata
1209 3430 1266 3496 eet.
1300 3446 1382 3513 quaa

253 3533 456 3599 correctiones
489 3552 562 3599 cum
592 3534 710 3599 nullius
745 3534 810 3600 iero
844 3535 999 3600 momenti
1030 3534 1105 3618 sint,
1142 3552 1181 3599 ne
1213 3534 1280 3599 sine
1314 3533 1381 3599 ullo

253 3639 411 3703 commodo
449 3635 656 3704 adnotationis
693 3639 818 3705 criticae
849 3639 1062 3721 perspicuitati
1094 3636 1265 3716 efficerem,
1303 3637 1381 3720 quid

253 3758 363 3805 manus
400 3739 501 3823 prime
536 3741 694 3807 exhiberet
731 3762 767 3806 ex
802 3742 882 3807 mois
919 3741 1137 3807 collationibus
1175 3760 1268 3824 quam
1304 3740 1379 3807 dili·

251 3842 435 3925 gentissime
457 3844 617 3909 enucleare
649 3847 771 3921 studui,
803 3845 1025 3929 corrigentium
1047 3844 1222 3910 tentamina
1243 3862 1326 3910 uana
1348 3845 1381 3908 et

252 3946 339 4013 uerte
360 3946 410 4011 hie
431 3946 498 4013 illio
521 3947 651 4031 neglexi.
684 3951 723 4014 ed
746 3950 989 4031 cognoscendam
1012 3951 1246 4014 antemnarum
1266 3947 1379 4014 codicis

252 4051 438 4132 scripturam
467 4050 547 4116 liber
576 4052 729 4133 quondam
760 4050 1100 4131 claromontanus,
1138 4052 1192 4135 qui
1221 4068 1283 4117 nou
1312 4052 1382 4117 sine

252 4170 362 4237 magno
391 4152 497 4219 labore
525 4154 558 4219 in
585 4154 775 4222 bibliotheca
803 4156 1045 4239 locupletissime
1075 4156 1215 4221 Thomas
1241 4155 1381 4240 Phillips

252 4254 527 4323 Cheltenhemensi
546 4258 692 4323 inuentus
714 4263 771 4342 est,
793 4258 848 4325 iol.
866 4260 910 4326 90
929 4277 1010 4326 saec.
1032 4259 1095 4324 XII
1117 4277 1164 4323 ur.
1188 4260 1273 4326 1715
1289 4254 1384 4347 [508]
