2992 4967
588 362 706 417 Diotio
725 360 758 417 V.
1173 364 1240 433 439

105 556 226 619 seimus
244 554 396 636 quantum
410 554 471 619 erit
493 554 646 621 humilior
668 552 898 619 famulantibus
920 555 974 637 qui
994 554 1035 619 ad
1056 553 1239 637 religiosum

104 658 239 723 uocatur
261 656 435 740 imperium.
474 674 598 724 ueoeme
620 660 728 723 estut
750 656 848 723 etiem
870 659 1025 723 orbem
1048 657 1237 723 wudidonis

104 761 249 843 pusonie
277 760 470 843 obtemperet
499 760 551 827 oui
573 761 709 827 inminet
731 760 778 825 sio
798 760 914 827 iubere.
952 759 1001 825 ait
1020 761 1106 827 enim
1128 761 1239 827 dooter

104 864 270 948 gentium:
299 862 480 929 omnibus
508 862 640 929 emnia
661 864 795 930 iaetus
822 882 924 943 sum,
952 865 997 929 ut
1016 882 1150 930 omnes
1171 865 1238 929 ad·

77 967 319 1048 squirerem.
364 966 457 1031 modo
487 966 664 1033 diuinitatis
691 968 831 1049 operatio
857 966 944 1033 sdsit
972 967 1096 1033 muneri
1123 986 1179 1032 suo
1205 971 1239 1033 st

105 1086 204 1152 quem
225 1067 354 1153 dignum
377 1070 464 1151 epioe
486 1070 575 1136 bubo
598 1088 660 1135 non
683 1071 806 1135 inuenit
831 1069 955 1137 efficiat.

476 1254 656 1311 PRECATIO
678 1254 872 1311 nussam.

153 1378 291 1461 liguum
313 1381 345 1443 et
367 1378 486 1443 iustum
510 1381 568 1442 est.
606 1395 680 1443 uere
703 1376 836 1461 dignum
856 1378 922 1457 est,
950 1378 989 1441 ut
1008 1377 1093 1442 iuter
1115 1376 1240 1441 exordia

110 1481 276 1565 diguitatis
298 1480 366 1559 tibi,
391 1480 619 1564 prinoipiorum
641 1480 779 1558 domiuo,
802 1480 1022 1563 supplicemus,
1053 1481 1107 1562 qui
1128 1477 1240 1545 muudi

65 1614 100 1653 ιο
108 1584 210 1665 ipsius
231 1585 264 1649 iu
286 1602 401 1650 nouam
422 1585 526 1651 luoern
548 1586 730 1667 prodeuntis
752 1583 921 1650 infantiam
941 1583 1059 1665 quanto
1084 1581 1239 1647 bonorum

109 1691 236 1752 tuorum
266 1691 385 1753 seoreto
414 1686 534 1753 orditus
556 1706 604 1763 es,
637 1688 728 1752 teuta
757 1685 916 1769 potentiss
945 1685 1065 1750 uirtute
1086 1684 1237 1751 solidasti.

110 1786 217 1855 stabat
239 1790 273 1855 in
295 1790 501 1855 admiratione
523 1790 573 1855 sui
595 1794 702 1855 tenera
723 1790 808 1856 orbis
829 1789 987 1855 inchoatio
1009 1789 1042 1853 et
1058 1806 1156 1871 paene
1184 1792 1240 1854 de·

112 1890 193 1955 ooris
225 1894 343 1976 proprii
378 1910 527 1959 oonousse
560 1897 688 1976 stupore
722 1892 904 1971 titubabat,
937 1894 1011 1957 aute
1044 1891 1240 1977 agnitionem

112 1994 229 2061 ordinis
249 1998 348 2063 subm
377 1998 490 2063 sortite
512 2000 549 2063 de
579 2000 704 2063 auctore
734 1996 961 2073 substantiam,
990 1996 1151 2077 requirens
1178 2014 1239 2078 quo

69 2097 198 2169 mosset
224 2101 351 2166 retunde
379 2101 433 2165 lux
460 2100 621 2167 adtributa
641 2099 869 2176 moderemine,
903 2098 1030 2182 qualem
1059 2098 1156 2163 finem
1177 2098 1240 2163 diei

112 2206 240 2284 tempus
260 2204 421 2287 arriperet,
445 2204 472 2269 si
494 2223 550 2287 per
572 2203 716 2270 adsiduos
738 2222 862 2286 semper
876 2207 1087 2269 renesoeretur
1101 2220 1239 2277 ensesue,

114 2307 143 2371 si
166 2322 226 2371 nox
248 2309 394 2374 mundum
416 2306 514 2373 iussis
537 2306 696 2373 ambitura
714 2308 926 2389 complexibus
947 2306 1121 2389 quesitum
1143 2305 1240 2387 origi·

113 2406 236 2475 nerium
267 2411 439 2491 puemiter
467 2428 527 2475 uon
555 2412 687 2475 teneret.
732 2412 766 2475 in
793 2409 852 2475 boe
881 2410 1044 2494 embiguo,
1078 2410 1115 2475 ut
1145 2407 1240 2475 sertis

113 2509 338 2578 famularentur
359 2532 414 2595 per
437 2514 566 2595 longum
579 2512 708 2579 uouisse
723 2514 927 2595 temporibus,
948 2514 1000 2578 dei
1020 2512 1120 2578 nostri
1136 2512 1241 2577 extitit

72 2614 166 2683 solen
195 2612 347 2679 uoluntas
392 2616 493 2683 omnis
526 2616 715 2698 dispensatio
751 2615 881 2681 statutis
913 2614 1049 2698 praefixa
1083 2614 1240 2680 limitibus

115 2718 241 2783 tentum
269 2714 379 2799 potus,
409 2721 564 2802 quantum
592 2718 756 2803 praestitit
782 2720 836 2801 qui
859 2720 985 2783 creauit.
1019 2716 1066 2783 sio
1087 2734 1161 2795 uos,
1189 2716 1240 2799 pie

116 2820 238 2903 ⁰llis0¹2
265 2820 348 2885 inter
373 2824 563 2891 sacerdotalis
586 2822 672 2887 tituli
698 2821 837 2904 euspioie
863 2820 929 2886 sole
951 2820 1174 2887 obuersatiouis
1195 2821 1239 2885 iu·

116 2924 221 2989 mdis:
244 2942 299 3007 per
320 2921 426 2993 suduu
448 2927 629 2994 demeritis
651 2928 767 2992 nostris
782 2925 903 3009 fulgeat
925 2924 992 2991 dies
1015 2923 1126 2991 offleii:
1150 2924 1240 2988 nulle

115 3026 330 3113 subreptione,
358 3026 447 3097 nolis
470 3031 586 3097 dieboli
608 3030 833 3097 blandimentis
855 3031 963 3112 pereat
977 3028 1059 3112 quod
1074 3045 1239 3094 uooamur:

78 3148 180 3203 senon
203 3130 295 3196 lioeet
323 3128 479 3201 admisnse
508 3138 589 3217 quod
617 3152 679 3199 uon
706 3134 813 3199 deoet:
842 3133 921 3199 reoti
948 3130 1090 3199 studium
1118 3136 1149 3197 te
1178 3131 1240 3195 im·

220 3316 351 3373 4ICor.
369 3316 395 3379 9,
412 3316 448 3369 22

170 3471 368 3527 itenditimlis
387 3470 470 3523 BLT
561 3476 714 3529 3iumenit
732 3474 760 3529 Β
863 3474 1038 3542 'lprseoatio
1056 3472 1097 3537 Β,
1124 3472 1241 3541 prelatio

120 3560 146 3615 T
241 3558 338 3613 duero
357 3556 468 3625 dignum
486 3556 586 3616 mom.
607 3560 661 3615 TV
758 3558 902 3614 9domine
917 3560 981 3626 sort.
1080 3556 1242 3625 supplicemx

123 3646 155 3711 V,
181 3644 361 3715 supplicemur
381 3642 424 3706 T¹,
451 3642 620 3713 suppliomus
634 3649 798 3714 (usiones.)
816 3646 845 3701 L
930 3646 963 3699 12
982 3646 1083 3701 itenere
1101 3644 1140 3699 13¹
1151 3644 1240 3699 atesi·

120 3764 202 3821 eom
294 3729 408 3818 meires
426 3762 454 3817 a
543 3780 602 3833 pso
619 3768 684 3823 uere
776 3768 877 3822 ιωοιιι
895 3766 947 3832 es,
974 3765 1008 3820 ee
1026 3764 1142 3835 eorporis
1159 3764 1245 3819 nur

121 3848 442 3917 (barduicen.)
523 3848 718 3909 ideordiuisla
799 3853 930 3909 uotorel'
1008 3850 1172 3919 lbqualsB

120 3937 155 3991 16
180 3935 309 4005 eripere
334 3935 362 3989 Β
465 3934 583 3994 adelinus
610 3940 638 3995 Β
740 3940 941 3995 reuuosrentur
969 3936 1005 3991 T*
1109 3936 1141 3990 17
1168 3936 1242 3991 fusis
1328 3947 1331 3955 '

122 4022 158 4076 ΓΙ
257 4020 291 4075 19
309 4020 352 4075 dis
374 4023 394 4087 (1
412 4021 559 4090 tesselli
662 4024 851 4080 boomussB
947 4022 1241 4093 monstrique

120 4108 216 4173 LTV‚·
235 4108 270 4175 os.
287 4108 399 4165 Wiener
411 4106 603 4179 Studienllp.
616 4114 676 4167 242
767 4112 828 4181 pise
845 4110 873 4165 Β
966 4108 1135 4178 fflpontiien
1149 4110 1176 4164 Τ

121 4195 179 4249 sols
197 4194 224 4249 ll
327 4192 542 4247 souuersiouisl
639 4198 674 4253 25
691 4198 814 4253 mim
833 4195 1009 4261 120de
1026 4194 1055 4249 1,
1153 4196 1182 4249 ι.
1199 4194 1241 4249 in.

121 4299 231 4367 mnne
249 4296 289 4363 Β,
317 4282 454 4364 repense
472 4294 499 4348 n
