2992 4967
254 352 318 420 270
612 349 727 420 lingui
746 348 873 403 Felicis
890 348 1018 404 limnoth

254 544 386 622 animae,
409 539 443 603 in
466 556 567 605 auras-
580 539 727 605 euoleret.
751 558 812 605 non
834 557 907 603 eum
927 537 990 603 uiri
1004 537 1095 603 fortis
1109 537 1201 603 laude
1215 538 1385 620 perimitur

255 643 308 727 qui
331 642 413 708 unde
436 641 544 707 uomet
565 642 668 707 nesoit
688 659 825 707 oremus.
860 658 919 706 neo
940 639 1027 705 illius
1049 640 1163 706 militis
1186 642 1296 709 eunuis
1317 644 1384 709 tuis

255 744 405 811 fortitudo
427 745 625 828 conparando
646 746 695 810 est
716 763 774 810 neo
796 763 852 827 par
874 744 979 809 estin
1001 744 1080 809 dnoe
1102 743 1264 827 sapientiu
1287 745 1384 812 illum

256 847 357 917 ciuilis
380 847 458 913 belli
481 848 567 916 furor
590 848 745 933 agitabat:
790 852 822 913 te
856 846 940 913 orbis
977 846 1102 913 domina
1134 848 1174 913 ad
1203 849 1307 915 status
1329 849 1382 916 sni

254 952 481 1035 reparationem
497 951 596 1018 Roma
611 950 769 1035 poscebat.
793 948 940 1033 seuquid
954 948 1061 1017 differo
1076 953 1157 1032 quod
1172 951 1232 1015 tibi
1249 954 1383 1019 euentus
1405 976 1422 1017 s

255 1056 359 1121 dexter
374 1055 535 1121 exhibuit?
547 1057 706 1124 oosseruut
719 1051 956 1119 confertissimis
967 1052 1106 1119 hostium
1122 1055 1249 1121 tuorum
1264 1055 1382 1121 turmis

255 1176 330 1239 quos
350 1158 481 1225 ulterior
502 1158 573 1241 ripe
593 1160 782 1241 susceperat.
825 1154 1043 1239 urguebantur
1069 1155 1142 1221 telis
1163 1174 1240 1239 quos
1261 1176 1382 1243 uorago

255 1263 310 1330 aut
330 1261 467 1343 inruptio
492 1278 552 1329 non
576 1260 721 1327 tenebat:
752 1259 872 1327 ieiunas
895 1262 1056 1341 pantorum
1078 1260 1180 1327 orates
1202 1264 1275 1327 aeta
1297 1260 1383 1327 uali-

254 1362 393 1430 dioribus
429 1363 555 1431 lacertis
587 1362 696 1432 lanua
732 1362 957 1442 ommutui
989 1381 1061 1429 oum
1092 1363 1174 1429 inter
1210 1364 1382 1449 naufragio

254 1468 380 1532 terrena
410 1469 441 1531 et
472 1465 589 1535 cruoris
624 1464 724 1533 undas
755 1464 982 1533 inuiotissimus
1009 1464 1118 1533 ‹iuotu
1139 1466 1296 1551 apparuit,
1318 1467 1420 1533 talin

253 1570 395 1637 muniens
416 1568 577 1636 adstantes
600 1568 753 1653 alloquio:
780 1569 850 1652 “qui
865 1571 897 1636 in
912 1567 1021 1635 hostili
1036 1568 1102 1637 seio
1116 1570 1201 1636 uiam
1223 1569 1383 1637 daeiderat

254 1690 304 1737 me
327 1674 489 1754 sequatur:
513 1690 574 1738 non
590 1672 737 1755 respioiat
761 1673 894 1740 alterum
910 1673 963 1755 qni
978 1671 1147 1740 dimioandi
1160 1672 1261 1756 poscit
1275 1691 1382 1740 exem·

254 1776 353 1857 plum.
379 1774 499 1841 uirtus
521 1776 758 1842 multitudinem
784 1793 846 1841 non
866 1774 1015 1857 requirit:
1059 1778 1098 1841 ed
1120 1792 1236 1857 pauoos
1257 1773 1381 1841 uadunt

253 1878 346 1959 bella,
369 1876 522 1943 bellorum
545 1877 666 1945 fruetus
681 1878 721 1943 ed
736 1877 895 1960 plurimos
917 1876 956 1941 de
977 1895 1029 1942 me
1050 1876 1269 1946 aestimabitur
1291 1895 1381 1943 exer·

255 1982 344 2057 citus¹
368 1982 400 2045 et
422 1979 456 2046 in
479 1980 537 2061 his,
562 2000 638 2064 quae
660 1998 796 2064 gessero,
816 1998 895 2063 gens
911 1980 1096 2062 triumphet
1118 1979 1419 2065 adtollitesignars

253 2101 400 2165 perpure
415 2102 454 2149 ne
470 2081 586 2151 lateam
601 2082 799 2166 prouidstur:
816 2084 961 2159 nouerint
978 2102 1072 2165 quem
1085 2086 1197 2165 petant
1214 2087 1271 2147 ant
1286 2082 1377 2149 ouius

254 2186 369 2271 iugulis
386 2186 597 2269 adquiescant.
618 2186 670 2269 qui
686 2186 865 2270 oongressui
879 2205 949 2251 meo
964 2186 1156 2253 ooourrerint
1169 2186 1375 2254 nobilitentur

254 2289 376 2357 exitio'.
398 2290 447 2357 his
467 2289 721 2375 diotispooulum
736 2308 830 2357 eausa
848 2290 988 2374 poposait
1008 2290 1141 2373 suspirii
1163 2292 1194 2355 et
1216 2289 1330 2357 bustis
1344 2290 1380 2355 in

252 2392 404 2477 proelium
426 2392 556 2459 habenis
580 2392 697 2461 eflirsus
718 2395 776 2459 est
810 2393 1085 2471 attenuaretur,
1109 2394 1145 2457 ut
1165 2392 1214 2458 leo
1236 2396 1383 2461 armento

253 2497 396 2575 nestorii,
418 2512 476 2563 neo
497 2513 684 2567 oonourrens
700 2496 865 2578 quisquam
879 2495 1021 2563 substitit
1043 2514 1101 2562 neo
1122 2494 1252 2561 euadere
1273 2495 1417 2577 potuitne

253 2598 476 2681 insequentem.
513 2599 679 2682 portabare
712 2617 768 2681 per
801 2598 948 2665 uniuersa
979 2598 1044 2665 iam
1066 2598 1281 2665 delinientibus
1303 2599 1379 2665 telis

254 2702 355 2767 adbno
377 2700 426 2767 ira
448 2702 615 2771 oresoente.
641 2702 796 2784 extemplo
819 2700 1010 2783 Gepidarum
1038 2720 1128 2769 uerso
1150 2701 1289 2770 ooniiuo
1311 2704 1376 2767 est:

253 2804 394 2885 palantes
416 2804 477 2869 uisi
499 2806 574 2871 sunt
595 2804 718 2871 mutata
740 2806 822 2869 sorte
844 2804 988 2869 uiatores
1011 2822 1085 2872 nam
1106 2806 1152 2879 tu,
1175 2804 1378 2882 uenerabilis,

253 2908 308 2987 qui
328 2906 530 2974 innomitatus
545 2906 675 2990 gustum
689 2905 872 2973 luotaminio
889 2905 1080 2988 euripum-ss,
1094 2906 1231 2974 uallstus
1245 2906 1378 2973 milibus

253 3008 426 3075 inoedebus.
443 3026 535 3075 orosa
549 3012 597 3075 est
607 3008 780 3075 multitudo
795 3009 986 3089 aduersaria,
1001 3013 1099 3077 donee
1111 3027 1228 3092 pauoos
1243 3009 1413 3092 eriperetur

253 3130 312 3177 uox
334 3111 448 3192 uioina,
472 3112 548 3177 dum
570 3112 610 3177 ad
633 3130 715 3197 uaga
737 3112 848 3178 horrea
869 3115 965 3196 copiis
992 3112 1121 3179 urbium
1151 3113 1264 3179 referta
1285 3112 1377 3178 ueni·

305 3332 480 3400 lperemitur
492 3333 527 3401 Β,
545 3332 699 3403 pimiturL
797 3333 997 3388 ineuitSirm.
1093 3334 1194 3388 milites
1206 3333 1308 3389 ΒΜ

251 3418 269 3473 4
286 3416 418 3488 agitabat]
437 3418 573 3488 attigobat
597 3418 622 3472 Τ
722 3420 739 3474 6
762 3418 946 3474 οὖίοήὶεεὶωὴ
963 3420 990 3487 (ὃ
1007 3420 1039 3473 iu
1055 3421 1123 3488 ros.)
1144 3420 1179 3487 T,
1207 3419 1377 3475 eonfortissi·

252 3505 304 3559 mis
323 3503 357 3572 L,
385 3516 446 3559 oum
459 3504 615 3559 fortissimis
631 3503 698 3558 ΒΜ
792 3504 808 3558 7
825 3506 897 3575 riprs
914 3505 942 3559 L
1032 3504 1216 3589 urguebantur
1234 3503 1271 3574 B,
1297 3522 1377 3577 urge·

252 3607 349 3664 bantur
366 3606 450 3663 ΜΨ
541 3606 636 3677 uirsgo
654 3610 703 3660 aut
721 3610 759 3673 (et
772 3611 806 3676 p)
823 3620 892 3676 quos
910 3607 981 3677 Bop
1083 3608 1222 3663 8terebat
1240 3610 1307 3675 fort.

252 3694 378 3749 nostin·
396 3694 423 3749 L
527 3694 560 3749 15
576 3690 758 3761 triumphabit
771 3708 794 3762 p
899 3694 932 3747 16
954 3694 1050 3761 petant
1067 3694 1094 3761 (a
1110 3694 1143 3748 iu
1160 3696 1227 3762 ras.)
1245 3694 1287 3761 L,
1313 3709 1376 3763 pae-

251 3817 313 3868 tant
339 3814 366 3869 Β
483 3777 533 3869 eng¹
558 3813 586 3867 L
701 3812 732 3865 ll
765 3815 903 3869 ooourrent
931 3810 958 3866 Β
1069 3804 1253 3870 bubilitentur
1280 3814 1308 3869 Β

254 3935 286 3988 18
306 3934 450 4002 poposeisti
471 3935 542 3989 coni.
562 3933 668 3989 Moeso
770 3933 865 4002 rspioii
883 3932 924 3999 B,
948 3898 1034 3988 offleii
1056 3933 1088 4000 V,
1115 3932 1262 3989 orntoffioii
1279 3932 1308 3988 L

254 4019 286 4072 19
303 4019 395 4073 suenio
412 4018 440 4073 Β
534 4021 642 4074 setoso
659 4034 681 4088 p
699 4024 725 4075 et
742 4018 846 4074 Moero
942 4019 978 4074 20
994 4022 1098 4074 uastati
1117 4020 1153 4075 Β·
1247 4017 1377 4075 subsistit

251 4102 279 4157 Β
382 4103 507 4159 ωυαᾱοτο
525 4104 552 4158 Β
654 4105 687 4160 21
706 4103 859 4175 pertruaris
876 4105 938 4171 Bb,
969 4106 1154 4177 portabmisp
1255 4104 1291 4160 22
1308 4104 1377 4174 iopi-

252 4187 346 4242 dsrum
364 4188 391 4243 L
492 4188 527 4242 23
544 4189 623 4243 tenisi
636 4190 676 4257 (ui
687 4190 733 4245 wel
744 4189 773 4245 in
785 4190 869 4258 erar.)
886 4190 914 4245 L
1016 4190 1051 4245 24
1067 4190 1203 4245 militibus
1221 4187 1249 4244 Β
1261 4192 1310 4256 (m.
1322 4202 1376 4246 rx.

251 4288 271 4329 r.
284 4273 315 4342 t.)
334 4274 376 4343 tp
462 4274 496 4328 25
514 4288 602 4328 causa
620 4273 647 4327 Β
733 4274 800 4328 (lone
818 4275 846 4330 L
931 4275 965 4331 26
982 4277 1073 4331 etnor
1089 4275 1117 4331 L
1202 4275 1288 4344 oupiis
1306 4273 1335 4328 Β
