2992 4967
438 334 676 405 Epistularum
698 334 788 390 libor
805 336 852 391 VI.

586 574 694 643 XIIII.

478 728 589 786 rvluo
610 729 803 789 eunomus,

118 852 190 921 Soio
206 868 277 918 mee
292 850 375 934 apud
389 867 444 916 uos
467 850 602 917 clamare
624 850 754 919 silentia
772 872 829 919 neo
850 854 1018 937 quicquam
1038 855 1106 921 fieri
1122 857 1203 939 qnod

71 973 137 1022 non
161 958 282 1022 sennem
302 953 560 1038 interpretatione
581 956 734 1025 teneatur.
763 974 819 1040 ego
842 960 950 1024 temen
971 958 1011 1024 et
1032 958 1203 1043 scriptione

48 1076 138 1125 enon
161 1057 270 1125 destiti
291 1076 349 1125 neo
369 1056 523 1126 sublimis·
535 1060 709 1129 memoriae
728 1058 791 1127 uiri
806 1060 918 1128 Sabini
934 1059 1206 1129 filimnintrioato

69 1160 206 1246 ingenio
233 1179 255 1229 a
279 1158 468 1227 tentatione
495 1160 656 1247 subtraxi,
685 1164 738 1247 qui
766 1164 931 1231 uiolentius
959 1163 993 1229 in
1021 1164 1123 1249 ugetto
1148 1184 1205 1234 suo

70 1283 242 1347 perpessus
263 1263 413 1331 hactenns
428 1282 558 1349 operum
578 1266 694 1333 dicitur
716 1285 855 1335 nauaeeo.
872 1285 943 1335 oum
961 1268 1112 1338 tentatie.
1139 1286 1207 1335 ore-

70 1367 142 1433 dite
166 1366 260 1441 mihi,
289 1366 391 1433 aderit
411 1386 538 1435 securos
563 1367 698 1435 examini
726 1373 759 1435 et
784 1369 1043 1452 meoparonem
1065 1371 1206 1439 moisem

70 1470 148 1537 sine
169 1470 274 1555 alique
297 1469 464 1553 formidine
485 1471 593 1537 ueniet
614 1472 839 1555 ingressurus..
856 1472 979 1540 domino
1001 1472 1061 1552 mic
1077 1472 1205 1539 salutati

35 1598 61 1638 ιο
70 1572 288 1642 reuerentiam
309 1572 416 1640 dicens
438 1590 556 1657 precor,
585 1576 622 1639 nt
643 1592 933 1657 pertentantem
956 1576 1209 1643 tanittoobeetie:

71 1677 195 1743 insitae
215 1677 333 1743 <indum
356 1675 539 1745 affectionis·
558 1680 770 1747 retentatione
791 1678 912 1747 fulcire.

605 1900 675 1967 XV.

464 2053 602 2111 FAVSTO
623 2052 815 2113 unoculus.

116 2181 205 2246 Bene
231 2178 426 2265 prouidentia
448 2198 582 2262 superna
605 2180 758 2263 disponit,
786 2185 823 2246 nt
845 2182 922 2248 dnm
944 2201 962 2247 a
984 2200 1034 2248 me
1056 2180 1205 2249 beneficia

38 2283 292 2368 repostulantor,
328 2282 374 2349 sic
400 2281 580 2351 sollicitudo
609 2301 681 2349 meo
709 2284 832 2351 uotinoe
859 2285 997 2351 inueniet
1024 2284 1203 2369 perlatores.

70 2389 209 2454 facessat
231 2404 347 2473 negare
374 2386 443 2453 aliis
473 2386 555 2469 quod
577 2386 656 2452 mihi
682 2386 789 2455 tribuo
811 2389 844 2453 ot
872 2388 953 2454 iilud
980 2387 1117 2454 auaritia
1139 2404 1204 2452 eor-

71 2492 169 2556 dente
192 2489 349 2555 continere
371 2492 451 2572 quod
473 2489 621 2556 subleuat
641 2490 840 2575 largientem.
870 2491 1093 2573 Simplicianns
1114 2508 1204 2573 prae-

70 2594 213 2661 sentium
226 2592 350 2659 baiulus
363 2592 541 2659 adulescens
555 2590 768 2660 nobilissimus
784 2594 922 2659 natalem
937 2594 1085 2658 scientiae
1099 2594 1204 2659 sedem

70 2697 209 2765 Romano
231 2698 359 2761 conatus
374 2698 514 2779 expetere
536 2696 596 2762 hoc
611 2695 671 2762 sibi
690 2696 822 2763 credidit
836 2714 892 2779 pro
910 2694 1066 2778 singulari
1081 2692 1204 2759 euenire

39 2799 272 2885 omnpendio,
299 2798 325 2863 ei
352 2800 391 2865 ed
418 2799 563 2865 notitiem
592 2798 739 2865 culminis
766 2798 866 2864 nestri
890 2799 967 2863 dnoe
998 2798 1113 2881 pagina
1134 2814 1204 2879 per·

73 2903 210 2969 ueniret.
256 2904 305 2967 cni
328 2920 385 2986 ego
408 2920 603 2985 nequaquem
631 2900 718 2967 uolui
746 2902 852 2984 cupita
874 2900 1073 2983 subtrahero,
1103 2899 1204 2964 soicne

76 3005 312 3073 consuetudinis
335 3007 458 3070 uestrae
481 3005 652 3087 essequod
675 3005 788 3088 reliqui
810 3004 929 3071 iaciunt
951 3003 1077 3069 exorati.
1112 3018 1204 3083 nnnc,

74 3109 122 3175 mi
139 3110 272 3193 domine,
293 3107 424 3175 seruitia
437 3106 638 3173 salutationis
654 3106 838 3191 accipientes
859 3106 1012 3186 fecittot
1027 3103 1205 3189 praefatum

73 3211 339 3297 peregrinationis
374 3212 452 3277 dure
484 3230 545 3277 non
582 3213 711 3277 onerent
745 3228 857 3293 meque
890 3212 998 3277 crebra
1024 3207 1203 3291 scriptionis

36 3315 198 3383 muestrae
219 3332 273 3397 per
296 3314 378 3380 hanc
398 3314 584 3397 inpetratum
609 3312 818 3396 frequentiam
841 3313 981 3378 retonare
1010 3312 1118 3376 munia
1141 3328 1204 3375 non

73 3418 238 3484 desistent.

125 3672 222 3731 XIIII.
257 3672 420 3729 ternodus
439 3674 514 3728 auito
533 3672 561 3728 B
672 3670 855 3741 tiqnidquem
875 3669 923 3725 Lo
1033 3666 1103 3725 ooo
1120 3667 1205 3736 13¹,o

71 3758 216 3818 B¹LTVt
310 3760 468 3814 tdistitiB
558 3758 612 3813 uiri
625 3758 769 3813 memoriae
780 3756 867 3813 ΜΨ
957 3754 1140 3809 iectenusB

71 3880 552 4023 sufficientemente
653 3844 971 3944 enumerent
1073 3875 1204 3944 ropm·

71 3984 117 4024 001

125 4090 185 4145 XV.
220 4090 255 4145 lt
271 4088 427 4160 putolanum
448 4088 479 4141 Τ
568 4085 601 4141 18
617 4084 808 4141 cremensem
900 4082 933 4137 21
952 4081 1090 4137 subtraere
1105 4078 1148 4135 Β.

71 4174 252 4319 ξῃὲιίωὴιιᾶ
341 4174 381 4229 24
393 4174 505 4229 onerent
519 4173 544 4242 t,
572 4172 704 4229 honneni
720 4170 910 4241 Bivium
925 4184 941 4223 e
955 4168 988 4225 in
998 4182 1055 4223 roo.
1067 4182 1138 4223 osor.
1156 4166 1203 4236 B),
