2992 4967
1077 292 1228 340 XXXXVH

96 462 245 544 familias
267 465 379 548 placet.
411 465 529 531 matres
550 465 734 547 plerumque
750 481 821 528 cunr
845 462 975 527 familiis
998 461 1063 527 suis
1085 462 1119 525 in
1141 479 1227 527 exer·

99 570 163 633 citu
185 568 283 634 luisse
306 567 366 633 alio
387 568 481 633 huius
503 568 681 653 panegyrici
704 565 771 630 loco
797 566 882 649 (268,
899 565 941 630 20
955 568 1102 629 anemae
1114 564 1227 646 fetidus

97 674 214 735 neutras
229 672 314 736 inter
326 670 475 755 faenilias
489 675 561 735 tuas
579 672 635 753 (sc.
649 672 716 755 regi
731 668 919 751 seruientem
935 686 973 733 an
985 668 1098 747 anast)
1116 666 1229 733 oblitae

98 791 188 837 senas
210 778 239 837 et
256 773 408 855 ponderis
423 773 572 856 parandi
586 774 689 838 nictus
704 793 783 838 cura
797 772 996 856 laborabant)
1010 772 1168 837 discimus.
1186 808 1226 818 -

98 874 169 957 368,
187 876 234 941 12·
244 877 282 940 in
303 880 426 957 quanto
440 874 692 941 remuneratione
713 875 809 940 lmus
821 878 945 958 factum
957 875 1093 957 suscipis
1106 894 1171 956 pro
1186 879 1228 939 tot

97 978 224 1043 milium
239 980 379 1062 (milibus
391 980 491 1063 codd.)
511 998 727 1061 oppressorum
743 978 886 1045 libertate
900 977 1087 1043 tractantis!
1101 979 1138 1042 de
1153 978 1227 1043 lite

98 1082 201 1147 randis
214 1084 300 1148 eninr
310 1085 358 1150 tot
370 1084 498 1150 milibus
511 1086 704 1167 captiuorum
718 1084 832 1168 agitur.
849 1083 1006 1148 ablaticus
1016 1083 1123 1147 autem
1134 1081 1228 1147 liber·

97 1189 168 1265 tcte,
191 1188 218 1251 si
234 1206 299 1269 pro
314 1190 355 1252 tot
371 1186 498 1253 milibus
520 1187 680 1264 scribitur,
705 1206 766 1252 non
790 1187 884 1253 habet
907 1204 966 1269 quc
990 1187 1172 1269 explicetur.
1186 1222 1228 1233 -

98 1288 168 1365 389,
193 1290 236 1356 26
259 1290 453 1356 internecare
475 1289 590 1372 fratris
609 1291 717 1373 furore
731 1290 921 1355 cmmmictns
936 1291 1109 1375 (constricti
1124 1291 1225 1372 codd.)

95 1392 199 1457 uitam
223 1414 239 1459 e
261 1394 385 1459 sedulius
413 1393 496 1469 suis,
525 1393 602 1457 dum
629 1392 729 1473 infert
750 1391 897 1473 fannius
918 1393 1043 1475 uincla,
1072 1392 1227 1459 dissoluit.

98 1496 171 1561 licat
192 1497 330 1563 inuicem
354 1516 388 1561 ae
409 1497 522 1561 tratres
546 1496 667 1561 oderint
690 1500 861 1577 mutuaque
884 1496 931 1562 ira
954 1496 1076 1561 incitati
1099 1497 1228 1581 luerint,

98 1599 323 1665 interneciuum
347 1603 451 1665 tamen
473 1600 609 1665 furorem
632 1600 758 1664 tautum
780 1598 970 1665 interfecturi
993 1604 1065 1681 apte
1086 1598 1224 1665 adscribi

98 1702 192 1784 patet.
216 1740 260 1752 -
282 1703 356 1782 407,
382 1704 421 1769 13
445 1723 506 1784 per
532 1722 580 1766 me
606 1702 699 1783 tusco
720 1700 863 1783 splendet
887 1701 1097 1785 (splendorem
1120 1702 1226 1783 BLV,

98 1814 281 1909 splend’pre'
297 1825 335 1907 Τ)
360 1822 559 1901 conscientia,
584 1822 620 1888 dc
644 1840 703 1906 qno
726 1823 793 1889 1000
815 1825 897 1889 infra
915 1843 1015 1908 agam.
1032 1862 1074 1871 -
1089 1822 1163 1899 408,
1190 1825 1228 1889 16

99 1946 168 1991 cum
198 1928 360 1993 Faustum
390 1932 419 1991 et
439 1926 603 1991 Auienum
698 1927 814 1992 celius
846 1927 1006 1991 districtos
1037 1927 1228 2009 (districtum

103 2030 196 2113 codd.)
229 2034 333 2096 teneat
359 2047 430 2094 sors
457 2030 595 2095 secunda
623 2029 774 2095 consiliis.
813 2032 941 2113 ntarqnc
970 2035 1039 2096 tum
1061 2032 1227 2097 Rauennae

103 2136 290 2201 morabatur.
314 2172 355 2182 —
377 2133 451 2214 413,
475 2132 517 2197 20
538 2134 593 2213 pici
610 2133 770 2214 peccandi
791 2134 931 2216 fomenta
954 2133 1065 2197 tribuit
1085 2134 1154 2214 ipae
1175 2134 1227 2198 iu·

99 2234 206 2316 palum
238 2237 335 2301 morti
368 2237 491 2320 (mortis
520 2237 618 2315 codd.)
653 2236 805 2319 inpinpit.
828 2274 870 2283 -
893 2235 967 2318 428,
1001 2238 1018 2300 1
1050 2236 1225 2323 (Christus)

98 2338 220 2419 fractas
243 2340 387 2405 Ranani
408 2340 548 2404 nominis
569 2340 655 2404 uires
670 2340 791 2423 artifici
807 2340 928 2405 medela
944 2339 1060 2405 solidat
1078 2340 1227 2423 (solidata

104 2442 214 2525 codd).
237 2480 280 2491 -·
294 2442 368 2525 429,
394 2444 434 2508 15
456 2446 484 2507 te
501 2442 648 2524 praesule
669 2444 802 2525 factam,
826 2462 866 2507 ne
879 2442 1051 2509 sacerdotes
1064 2444 1229 2508 ministros

102 2546 253 2626 acciperet
284 2548 378 2629 furor
410 2546 534 2609 alienus
566 2564 621 2610 nec
654 2550 801 2609 ruentum
835 2547 904 2628 (nec
937 2549 1079 2611 ruentem
1113 2547 1139 2610 B
1146 2598 1155 2632 ‚
1188 2567 1228 2611 ne

99 2653 244 2713 cruentae
277 2649 359 2730 rell.)
398 2647 619 2731 indignationi
651 2648 842 2730 pontificum
874 2648 1030 2713 sentemm
1065 2648 1227 2714 militaret.

103 2750 280 2829 pontificum
303 2751 460 2816 sententia
482 2754 529 2815 est
549 2750 659 2835 synodi
682 2748 850 2834 decretum,
875 2770 933 2833 qno
958 2770 996 2816 ne
1018 2751 1104 2816 furor
1126 2752 1228 2834 ponti-

103 2851 200 2935 licum,
223 2855 278 2938 qni
301 2853 526 2937 Symmachum
548 2854 687 2939 aggressi
709 2856 792 2929 sunt,
822 2858 996 2938 augeretur,
1025 2855 1145 2919 tactum
1169 2857 1226 2919 est.

106 2990 139 3003 ·-
156 2958 229 3039 446,
254 2958 274 3023 9
296 2956 434 3037 decimu
458 2957 583 3038 inparti
604 2958 708 3022 oneris
729 2958 891 3023 subleuare
907 2957 1098 3043 (sublunaris
1114 2957 1228 3040 codd).

103 3062 256 3139 praecedit
290 3059 374 3125 enim
407 3060 531 3143 eripere,
564 3080 659 3143 mens,
692 3063 779 3143 fasce
810 3061 956 3143 depresso
983 3061 1163 3143 inperitiae.
1189 3100 1224 3111 -

104 3161 212 3245 451,1
237 3163 381 3247 fornacis
408 3162 551 3245 beneficio
572 3161 610 3227 de
637 3164 805 3227 tatermmm
832 3164 946 3246 fetidus
967 3184 1124 3228 uenarum
1145 3166 1229 3246 quod

104 3261 137 3326 in
162 3266 256 3331 solidi
288 3266 409 3331 transit
438 3267 569 3347 speciem
595 3266 681 3348 ferro
710 3265 860 3331 dornatur
889 3270 921 3331 et
940 3268 1038 3349 effera
1065 3266 1229 3332 leoninam

104 3368 194 3433 corda
208 3369 372 3434 domitrice
387 3368 559 3450 adfectione
574 3370 728 3451 coptiuat.
753 3369 830 3435 laiac
850 3371 937 3451 ferro
952 3372 984 3435 in
998 3370 1081 3452 ferri
1096 3372 1227 3435 mutaui.

105 3485 174 3533 uam
196 3491 258 3539 non
280 3474 318 3538 de
340 3474 438 3538 solido
462 3472 551 3551 ferro,
576 3474 630 3537 aed
653 3472 805 3537 desolidi
827 3474 967 3555 speciei.
990 3494 1015 3537 e.
1040 3474 1077 3538 de
1101 3493 1228 3539 nummo

104 3586 193 3639 nureo
222 3594 323 3641 sermo
346 3579 412 3656 est,
445 3577 498 3658 qui
521 3576 655 3641 fornacis
685 3575 831 3642 beneficio
853 3596 890 3641 er
910 3576 1046 3642 metallis
1068 3576 1119 3656 fit,
1150 3597 1229 3660 quae

107 3670 208 3742 ferreis
236 3679 456 3745 instrumentis
480 3680 518 3743 de
542 3678 712 3744 latentibus
740 3681 828 3745 uenis
857 3681 956 3745 excisa
978 3682 1065 3759 sunt3
1100 3701 1229 3748 nummo

108 3782 205 3849 autcnr
233 3782 376 3848 homines
409 3783 575 3847 domantur
599 3783 652 3864 qui
675 3784 822 3866 pecunias
845 3784 1001 3849 affectant.
1027 3822 1065 3832 -
1090 3786 1164 3865 414,
1190 3787 1229 3851 14

109 3898 219 3950 maesse
247 3890 291 3951 est
325 3886 433 3967 optari
465 3884 549 3966 quod
577 3884 704 3950 modum
730 3886 827 3968 ponit
854 3887 1069 3951 amaritudini
1094 3890 1228 3971 (amari-

110 3982 225 4053 tudinis
247 3989 346 4071 codd.)
371 4024 413 4035 -
435 3988 509 4066 479,
533 3990 575 4054 22
607 4009 673 4054 non
706 3990 765 4053 tibi
796 3990 936 4054 licuisset
967 3990 1070 4055 domos
1097 3991 1229 4056 ultimos

107 4102 161 4161 Plo
182 4091 307 4157 adducti
333 4090 481 4175 (abducta
503 4092 601 4173 codd.)
633 4092 672 4157 alr
695 4091 832 4157 testatus
847 4094 998 4176 pipnoris
1019 4094 1068 4158 tui
1089 4096 1229 4177 redemp-

111 4184 188 4256 tione
207 4194 391 4260 distrahere.
422 4195 593 4277 redemptio
613 4195 748 4262 abducta
763 4196 856 4261 nihili
871 4199 928 4263 eat.
960 4198 998 4262 de
1013 4198 1227 4281 redemptione
