2992 4967
435 348 668 417 Epistularum
692 347 781 403 liber
797 346 875 403 VHI.

600 536 715 603 XXVI.

482 654 665 711 absumus
685 655 829 713 urlaub.

136 760 271 827 Neeosse
293 760 350 838 est,
374 764 410 825 nt
432 760 485 843 qui
507 760 663 826 desiderat
684 762 802 845 soripta
823 762 928 827 naun
947 780 1010 829 uon
1031 763 1136 827 uasat
1156 780 1215 827 neo

94 862 217 931 silentii
233 864 406 946 exemplum
424 862 544 928 tribuat
559 861 612 945 qui
630 862 717 945 eupit
731 862 913 945 alloquium.
937 866 1024 930 iuxta
1038 862 1214 932 orationum

72 970 273 1033 substratum
295 965 454 1049 suffragia,
477 982 552 1049 qnos
571 966 746 1032 innoeentia
761 970 792 1030 et
806 968 931 1033 deuotio
946 970 1002 1032 oleo
1018 968 1124 1033 nostro
1139 966 1215 1033 fauit

95 1070 250 1150 nooeptos
267 1070 426 1133 meliorem
441 1087 492 1132 me
508 1086 574 1132 esse
589 1069 651 1133 iam
665 1067 777 1148 sentio,
792 1070 967 1136 desiderans
979 1070 1214 1137 honorificentia

94 1170 295 1237 salutationis
326 1171 456 1253 inpensa
478 1188 572 1253 qnam
595 1170 671 1237 bene
699 1173 833 1237 ualeatis
855 1190 1029 1256 agnosaere,
1052 1176 1124 1257 quis
1143 1179 1215 1257 post

92 1277 253 1357 reoeptam
287 1272 421 1339 sautem
455 1274 580 1339 unieum
613 1274 843 1340 astrolabium
878 1275 957 1341 bono
986 1278 1110 1342 namtas
1136 1294 1207 1357 pro-

91 1376 253 1461 speritatis
275 1375 396 1441 adtolli.

59 1526 83 1567 1o
586 1498 718 1562 XXVII.

451 1612 632 1670 ENNODIVS
656 1614 856 1671 BARBARAL.

136 1718 287 1799 Quamuis
309 1719 409 1785 adhue
431 1720 514 1785 inter
537 1723 672 1787 extrema
687 1723 747 1786 sim
763 1725 882 1805 positus
898 1724 930 1789 st
944 1741 999 1806 pro
1014 1724 1212 1807 poooatorum

93 1841 236 1888 meorum
264 1824 346 1889 mole
375 1823 480 1889 domni
509 1825 570 1888 mei
599 1822 762 1909 beneficia,
792 1826 867 1890 dum
889 1844 1008 1892 mereor
1029 1828 1063 1892 in
1086 1828 1213 1910 longum

92 1928 224 2006 conten,
262 1946 323 1991 nou
356 1932 540 2009 sequnntur,
573 1928 766 1992 reuerentiae
788 1930 894 1994 tanim
916 1934 1037 1995 nestrae
1059 1930 1211 2015 obsequiis

62 2031 177 2114 nequod
199 2028 293 2094 debet
314 2028 449 2113 pendens
473 2032 577 2095 anima
599 2050 660 2097 non
683 2030 799 2096 omisit.
815 2050 913 2114 paene
935 2034 999 2098 iam
1021 2035 1150 2099 uocatur
1173 2035 1210 2099 ad

94 2134 245 2199 iudibinm
263 2135 295 2198 et
317 2133 417 2199 adhue
439 2134 569 2216 suspicit
591 2136 623 2198 in
639 2135 698 2200 hae
712 2136 782 2200 luae
798 2152 873 2218 quos
895 2136 999 2202 uoluit
1022 2154 1113 2217 quam
1136 2156 1212 2203 uera

94 2236 142 2301 est
169 2235 226 2301 illa
253 2235 422 2316 sententia,
453 2238 533 2318 quod
563 2241 690 2303 sanetus
718 2237 847 2303 effeetus
874 2257 931 2303 neo
958 2241 1059 2303 morta
1086 2242 1209 2321 pereat!

94 2355 177 2421 ergo,
200 2338 326 2403 domina
348 2358 426 2417 mea,
439 2338 574 2405 seruitiis
596 2357 649 2404 uos
672 2339 795 2407 debitae
810 2340 1008 2405 salutationis
1028 2360 1212 2425 prosequens

96 2457 179 2523 rogo,
204 2443 239 2505 ut
263 2441 378 2525 agnitis
401 2459 479 2523 quae
502 2442 582 2506 oiroa
603 2461 652 2506 me
675 2448 826 2527 geruntur
847 2462 903 2527 pro
918 2444 972 2507 illo
988 2462 1047 2526 quo
1070 2446 1211 2511 omnibus

60 2544 238 2609 nominetis
269 2544 300 2607 et
327 2542 487 2629 sanguinis
516 2546 615 2609 nitore
638 2549 668 2608 at
697 2547 938 2610 conuersationis
960 2546 1071 2624 radiis¹
1101 2548 1213 2614 domno

93 2665 161 2711 meo
184 2646 323 2729 apostolo
352 2651 382 2711 et
413 2646 522 2713 ueteris
546 2647 609 2711 eius
632 2646 781 2711 fratribus
810 2648 1000 2732 subplicatis‚
1027 2654 1063 2716 ut
1083 2670 1138 2733 per
1160 2670 1210 2716 eos

92 2754 217 2816 exorata
239 2751 289 2815 dai
304 2752 446 2833 potantia
461 2752 644 2817 elementiae
660 2770 743 2831 suae,
768 2771 845 2836 qnae
861 2753 950 2818 tarda
964 2772 1030 2819 esse
1046 2771 1105 2817 non
1121 2752 1211 2832 solet,

92 2852 240 2919 beneficia
262 2872 322 2919 nou
343 2854 487 2921 refrenet.

572 2974 721 3043 XXVIII.

59 3113 83 3155 a
490 3094 674 3153 ENNODIVS
692 3097 816 3153 auaro.

134 3200 204 3278 Qua
225 3198 301 3265 miti
324 3198 563 3281 molestandus,
596 3220 657 3283 qua
678 3201 897 3286 obsequiorum
920 3220 996 3269 oura
1017 3202 1210 3284 pensabitur,

92 3298 172 3383 quod
202 3304 235 3365 te
263 3300 535 3383 etfrequentibus
564 3304 685 3387 paginis
714 3304 854 3387 alloquor
876 3308 909 3369 et
931 3304 1034 3371 offiaio
1055 3303 1209 3371 sermonis

141 3488 242 3543 XXVI.
276 3487 293 3541 4
319 3490 397 3556 eupet
422 3487 450 3541 Β
552 3489 568 3541 6
596 3487 719 3557 ιᾱοθρτοε
743 3488 771 3543 Β
872 3505 915 3543 ma
931 3490 997 3559 esse]
1015 3504 1099 3556 messe
1116 3488 1143 3541 Β

91 3574 106 3627 'l
124 3588 294 3645 agnoscerem
312 3573 339 3626 Β
441 3572 458 3627 8
476 3572 603 3627 solatinm
620 3574 702 3629 BTL
804 3576 890 3628 nostre
908 3574 936 3628 Β

141 3657 254 3715 XXVII.
290 3658 322 3715 12
341 3658 464 3727 quamuis
485 3663 511 3725 (x
529 3662 609 3725 nno.)
628 3658 656 3713 Β
758 3664 797 3713 al
814 3658 842 3715 L
859 3676 873 3714 o
890 3675 959 3715 noe.
972 3665 997 3713 et
1014 3665 1026 3713 l
1043 3659 1142 3713 iuras.

90 3746 122 3801 13
133 3744 212 3814 molo]
224 3744 265 3798 ole
277 3744 301 3799 ei
314 3746 342 3798 Β
431 3744 521 3799 domni
533 3745 640 3815 seipsi,
664 3745 750 3801 somni
763 3744 844 3809 LVb,
869 3747 941 3799 omni
952 3746 987 3810 B,
1010 3747 1105 3813 suptus
1120 3744 1146 3799 Τ

93 3833 124 3887 14
150 3836 255 3893 neumas
280 3832 308 3897 b,
346 3834 449 3887 uestrae
475 3833 573 3898 (uestra
600 3830 637 3895 Β)
663 3832 691 3884 et
717 3830 854 3885 BLPTV
958 3831 989 3885 15
1016 3829 1091 3884 debit
1116 3829 1144 3884 Β

91 3934 155 3987 pene
173 3918 257 3975 aba
358 3918 390 3973 16
408 3916 568 3985 suspioetB
671 3918 704 3970 18
722 3916 818 3971 domna
836 3916 925 3981 Sirra,
953 3916 1056 3971 donat
1156 3932 1210 3971 aen·

90 4020 167 4074 uioiis
186 4020 213 4073 Β
316 4034 455 4089 proseques
474 4020 500 4074 L
602 4020 632 4075 21
651 4022 705 4089 eos]
725 4021 806 4075 uosb
908 4019 942 4075 22
968 4022 1089 4075 exortuta
1116 4021 1145 4077 L

91 4104 186 4160 tuaeb
288 4105 368 4161 soleti
386 4106 414 4158 B
516 4106 549 4161 23
570 4106 682 4161 refienit
700 4106 727 4159 Β

140 4190 269 4247 XXVIII.
304 4192 337 4247 26
360 4190 560 4247 nieessitndmis
584 4193 611 4247 Β
713 4193 879 4261 osequiorum
902 4192 930 4246 Β
1031 4192 1066 4248 27
1084 4196 1113 4249 te
1130 4194 1166 4262 et]
1184 4195 1211 4249 tr

91 4276 119 4330 in
137 4276 187 4341 Pb,
214 4282 241 4331 te
258 4279 286 4331 et
302 4278 332 4331 in
350 4277 430 4332 ilium.
