2992 4967
453 307 688 378 Epistularum
705 308 796 364 liter
812 309 852 366 ΙΙ.
1173 311 1217 378 65

90 496 186 576 mine,
209 499 242 562 et
264 497 423 563 amantem
445 497 545 563 uestfi
572 495 631 562 sub
655 497 741 564 omni
762 497 944 584 dignatione
964 500 1215 584 releuate,.quIa

89 603 146 666 dee
167 601 342 682 proximam
363 619 430 666 rem
454 600 571 682 insitis,
593 601 769 684 putredinis
791 601 894 670 ueto
923 605 1101 672 euadentem
1122 603 1215 686 plena

88 701 149 768 fide
173 703 207 768 et
230 705 445 770 oommuuiono
467 705 615 770 releuare.

599 907 703 974 XXII.

473 1041 609 1099 FAVSTO
635 1041 830 1100 ENNODIVS.

130 1160 339 1245 Supsrnaeuis
362 1164 403 1228 ad
424 1165 573 1231 benefitia
593 1165 715 1232 laborat
735 1163 893 1248 inpendiis
920 1167 975 1250 qui
995 1165 1096 1233 solem
1114 1169 1214 1235 uertat

89 1265 213 1332 facibus
235 1266 394 1334 adiuuare.
416 1267 539 1352 gratiae
553 1267 714 1350 plenitudo
730 1269 903 1335 abiectione
918 1287 982 1334 non
1003 1268 1134 1354 indiget,
1157 1289 1216 1338 nee

88 1369 157 1434 ulla
178 1369 311 1451 requirit
332 1370 597 1437 commendationis
619 1373 790 1456 augmenta
826 1389 919 1454 quem
941 1373 982 1438 sd
1003 1373 1215 1440 amicitiarum

89 1471 251 1537 tumulum
266 1474 378 1538 merite
392 1475 597 1556 pertulerunt.
613 1473 777 1540 inlustrem
796 1475 828 1540 et
848 1475 1016 1558 patrioium
1038 1476 1142 1542 uirum
1155 1475 1215 1542 Al·

52 1575 200 1641 mbinum
222 1579 384 1658 parentem
406 1580 546 1643 uestrum
568 1577 634 1642 stili
656 1577 718 1642 mei
741 1593 818 1642 eura
839 1579 1055 1661 prosequitur,
1086 1579 1137 1644 oni
1159 1599 1214 1663 per

88 1679 237 1762 peginam
258 1697 322 1744 non
342 1679 476 1764 inpendo
499 1679 676 1746 ueeemaria
704 1680 758 1747 sod
781 1679 897 1757 uotiua,
926 1685 958 1746 et
979 1681 1124 1764 quamuis
1146 1681 1211 1748 uti·

88 1781 177 1846 litati
194 1783 260 1847 eius
275 1781 354 1847 nihil
368 1782 513 1865 atteiam,
536 1801 673 1850 amorem
688 1783 797 1850 temen
810 1800 941 1863 mereor,
963 1785 1044 1868 qnod
1059 1784 1213 1869 praedicti

87 1886 174 1950 iussa
195 1884 347 1968 eonpleui.
370 1885 544 1952 uenerabili
569 1904 642 1972 ergo
664 1886 790 1952 domino
809 1887 994 1970 obsequium
1015 1888 1213 1954 salutationis

87 1987 261 2070 impertiens
282 2005 405 2072 precor,
442 1991 478 2054 ut
506 1989 590 2055 oiroa
618 1988 818 2070 diligentiam
846 2008 937 2056 suam
966 1989 1143 2074 praedictus
1165 1989 1217 2056 uir

52 2089 273 2175 ismugnidous
294 2091 426 2174 reeipint
448 2091 530 2174 quod
552 2091 640 2167 mihi,
664 2092 740 2158 dum
763 2110 820 2158 uos
842 2092 928 2171 colit,
951 2092 1102 2160 exhibuit.
1135 2095 1212 2160 noui

87 2196 174 2260 enim
197 2195 259 2258 oito
281 2193 513 2278 amplissimum
535 2193 639 2260 uirum
661 2197 699 2260 ad
715 2195 816 2260 cordis
836 2193 936 2260 uestri
950 2213 1017 2260 esse
1038 2195 1216 2277 penetralia

86 2297 337 2379 perducendum,
371 2315 464 2381 quem
485 2297 632 2364 innoeens
659 2297 854 2382 propositum
881 2297 948 2364 suis
969 2299 1030 2364 erit
1052 2297 1135 2382 apud
1156 2315 1213 2364 uos

86 2399 212 2466 dotibus
236 2399 426 2465 adiuturum.

587 2585 706 2651 XXIII.

50 2739 76 2781 ro
257 2721 382 2778 Donido
400 2721 466 2778 SVO
488 2721 625 2778 FAVSTO
642 2719 826 2776 Ennomus
849 2718 1040 2778 nlnconvs

129 2841 204 2908 Sine
229 2841 386 2925 dispendio
408 2843 525 2908 tulelae
546 2843 694 2909 orbantur
717 2859 793 2924 quos
816 2842 857 2907 ad
878 2859 933 2907 uos
955 2842 1112 2924 pertinere
1135 2859 1209 2908 oon·

85 2947 210 3029 tigerit:
233 2962 295 3010 non
318 2945 431 3012 desunt
451 2946 518 3012 illia
540 2947 670 3029 paterna
692 2945 833 3011 subsidia
854 2963 930 3028 ques
952 2944 1076 3011 tenetis.
1111 2945 1212 3028 Lupi-

86 3049 195 3114 einum
218 3048 389 3132 Euprepiae
413 3052 538 3115 nestrae
568 3048 668 3113 filium
701 3048 827 3129 loquor:
865 3049 906 3114 ad
936 3047 1040 3131 ipsum
1074 3048 1214 3132 pertinet

85 3155 229 3235 praefata
244 3151 439 3235 generalitas,
463 3151 501 3216 de
528 3153 615 3218 euius
631 3151 808 3219 substantia
822 3151 964 3217 sublimis
978 3153 1028 3217 nir
1047 3155 1214 3217 uenerator

53 3259 192 3322 suesssr
214 3272 317 3321 eomes
339 3255 470 3321 Tauoile
493 3254 572 3321 dixit
594 3255 689 3337 mihi,
728 3275 746 3321 a
769 3257 882 3320 domno
904 3256 1009 3321 nostro
1031 3271 1107 3337 rege
1130 3253 1211 3338 quod

138 3513 155 3565 2
173 3510 268 3565 incites
287 3509 326 3564 B¹

136 3613 227 3669 XXII.
261 3615 277 3667 5
301 3612 428 3666 ennodius
446 3629 497 3668 om.
518 3613 544 3667 T
643 3612 660 3666 6
684 3627 861 3682 superuacuus
888 3610 924 3665 Τι
1028 3608 1169 3677 lindegit
1186 3617 1212 3676 (e

85 3715 155 3754 corr.
175 3697 298 3768 radetur)
317 3697 344 3752 Β
444 3699 462 3752 8
480 3698 600 3769 requiret
618 3699 645 3753 B
748 3701 889 3753 ammenta
906 3699 936 3766 (g
949 3697 1056 3766 purtim
1076 3697 1158 3762 esua)
1176 3694 1211 3761 L,

85 3789 212 3839 armenta
229 3785 256 3838 Β
354 3785 520 3840 ilenmolnm
539 3785 567 3839 Β
661 3782 830 3853 pertolernnt
846 3783 874 3838 B
972 3780 1006 3835 10
1022 3784 1135 3850 parente
1152 3780 1212 3849 (ult.

84 3887 151 3925 sem
169 3888 186 3924 u
203 3887 238 3924 m.
250 3874 277 3938 1)
298 3869 325 3924 V
425 3871 459 3925 13
477 3870 583 3925 domiuo
604 3869 780 3925 Palm
883 3867 1097 3935 ltmagnetleus
1116 3864 1143 3919 Β

85 3958 155 4012 uolet
172 3957 201 4010 B
304 3955 406 4010 exibuit
422 3957 477 4011 BL
495 3960 566 4026 (post
582 3958 648 4022 rue.)
668 3956 696 4010 P
797 3954 829 4010 17
850 3955 916 4022 aput
934 3953 961 4007 Β

135 4058 241 4115 XXIII.
276 4059 311 4113 20
333 4059 438 4115 domiuo
461 4061 489 4116 L
524 4059 620 4115 domno
638 4074 686 4112 suo
704 4065 730 4114 et
747 4055 885 4113 Ennodius
903 4057 1030 4112 ἀίωοηιιι
1048 4071 1099 4111 ont.
1118 4055 1145 4110 T

85 4145 117 4200 21
137 4144 276 4216 dispendio
294 4147 353 4213 (alt.
370 4145 390 4202 d
406 4147 438 4200 s'es
454 4149 520 4214 rus.)
542 4147 569 4199 Β
688 4145 723 4200 23
749 4145 905 4214 eupraepiae
924 4143 957 4211 V,
985 4141 1157 4213 aeupreprise
1175 4142 1211 4206 B,

86 4231 179 4302 suppie
200 4233 226 4287 Τ
326 4231 360 4287 25
378 4232 460 4286 comis
479 4230 506 4286 Β
609 4230 716 4285 domiue
734 4230 782 4284 Pb

135 4334 182 4388 vl.
1091 4331 1108 4382 5
