2992 4967
401 345 516 414 Opuec.
534 344 588 401 nn
606 344 686 401 Vita
702 344 734 401 B.
752 343 933 415 Epiphani.
1166 343 1229 411 351

100 536 169 623 psit
203 536 343 606 animum
380 550 473 616 qusm
506 536 739 618 superessent
772 533 983 602 substautiam
1014 531 1228 617 praeparandi.

98 640 244 726 ingentis
268 639 364 723 pretii
385 637 521 705 latrices
543 640 610 705 sins
632 654 833 705 nummorum
852 635 1002 703 adtollere
1023 634 1146 703 condito
1166 654 1229 701 non

99 745 248 827 expauit,
268 742 457 826 apostolicae
480 738 700 809 admonitionis
721 738 805 809 haud
827 738 953 819 macies,
977 738 1061 822 quod
1081 738 1230 806 caelestis

98 864 203 931 regna
229 842 450 929 quaerentibus
478 842 655 911 indeficiens
683 841 800 927 iugiter
827 860 940 911 censue
969 843 1117 910 exuberet
1136 842 1169 909 et
1190 844 1230 911 de

68 950 197 1035 splene
219 966 342 1035 semper
364 947 515 1034 impertiat
538 964 630 1031 quem
652 964 714 1017 non
736 946 885 1031 opprimit
899 947 933 1014 iu
947 944 1102 1029 largiendi
1117 944 1230 1013 uolun-

98 1054 170 1119 tate
201 1054 375 1137 paupertas.
409 1050 532 1119 dicabat
553 1052 656 1119 enim:
690 1050 760 1119 “uin
781 1050 847 1135 eet,
875 1052 913 1116 ut
934 1049 1074 1117 animum
1096 1047 1229 1115 diuitem

98 1156 296 1240 possibilitas
316 1156 453 1235 deserat,
484 1158 516 1221 et
539 1153 781 1233 difficillimum,
799 1155 849 1219 *ut
870 1156 1018 1237 sequuntur
1037 1152 1229 1220 abundantia

97 1262 260 1327 hominem
281 1260 386 1326 mente
406 1258 615 1325 mendicum’'.
648 1260 712 1324 iam
734 1259 859 1341 iamque
879 1261 987 1324 tamen
1009 1252 1136 1340 lastigie
1155 1271 1229 1338 per·

98 1363 247 1431 fectionis
279 1360 406 1431 maioris
439 1361 587 1429 eeclesiae
620 1380 696 1445 opus
729 1360 888 1449 ndtiperat
914 1359 1056 1426 aedilicio
1084 1358 1117 1423 et
1138 1356 1228 1423 dedi-

56 1466 236 1535 uenationis
258 1465 435 1551 insignibus
458 1466 624 1547 adornato,
657 1464 811 1551 extemplo
834 1461 965 1531 silenus
986 1460 1134 1530 ecclesiae
1157 1478 1228 1527 cum

100 1571 300 1637 columnatus
322 1571 448 1653 repente
463 1571 566 1655 paries
590 1569 717 1655 inpulsu
739 1568 846 1638 callidi
866 1566 1019 1653 serpentis
1034 1566 1150 1633 eiectus
1168 1564 1227 1631 eet

99 1674 205 1741 uoluit
238 1674 387 1757 experiri,
420 1672 639 1757 simultipiici
667 1671 734 1740 eius
763 1672 862 1759 possit
890 1670 1051 1738 uexatione
1073 1666 1226 1735 subuerti.

99 1780 137 1843 at
159 1776 214 1845 ille
236 1776 417 1854 uiolentior,
438 1797 477 1843 ue
499 1776 593 1843 malie
615 1776 682 1844 eine
711 1776 849 1856 cederet,
878 1774 1067 1861 adsurgebat
1094 1775 1127 1839 et
1154 1789 1228 1837 con·

99 1878 191 1945 tinne
224 1881 291 1947 sine
318 1879 448 1947 alicuius
476 1878 625 1963 passionis
654 1879 770 1947 iudicio
799 1878 840 1945 ad
871 1878 1101 1963 raparationem
1128 1872 1228 1959 ipsius

59 2004 88 2045 rs
99 1982 195 2069 plena
208 2002 241 2049 se
257 1983 408 2049 auiditate
429 1982 593 2052 succinxit
624 1982 721 2049 nimio
737 1986 845 2049 tamen
861 1980 1051 2048 uniuersitas
1065 1980 1229 2045 terrebatur

99 2086 268 2169 miraculo,
301 2087 382 2171 qnod
404 2086 443 2153 ab
474 2088 542 2170 ipso
574 2087 686 2172 templi
717 2084 804 2153 tholo
838 2084 973 2153 artifices
1005 2103 1078 2151 cum
1104 2079 1228 2167 ingenti

99 2188 247 2257 machina
279 2190 477 2265 corruerunt,
511 2190 617 2255 nullus
651 2192 760 2257 tamen
792 2207 900 2257 eorum
927 2192 984 2255 aut
1003 2205 1093 2253 crure
1113 2182 1226 2251 debilis

98 2294 201 2359 factus
223 2296 272 2359 est
294 2295 349 2359 aut
371 2292 476 2374 aliqua
497 2294 708 2361 membrorum
733 2293 823 2377 parte
848 2291 1019 2357 truumtm.
1048 2287 1130 2373 quod
1156 2304 1227 2355 ora·

98 2394 238 2463 tionibus
255 2394 387 2481 episcopi
402 2396 571 2483 contigisse
583 2400 766 2465 cunctorum
776 2394 918 2463 mosibus
931 2394 1044 2480 patuit,
1060 2395 1097 2458 nt
1111 2390 1227 2457 molem

60 2500 258 2583 ”propriam
280 2498 371 2565 ruina
384 2499 553 2565 sustineret
568 2500 600 2565 et
613 2518 633 2565 a
648 2517 721 2565 casu
742 2515 799 2564 suo
815 2497 935 2583 lapides
955 2481 1226 2581 suspenderentur.

99 2604 257 2687 stupendo
278 2606 384 2669 tamen
407 2602 610 2671 ordinationis
631 2602 699 2668 eius
720 2619 814 2667 cursu
834 2618 927 2685 supra
941 2600 1020 2667 dicti
1034 2597 1136 2683 operis
1155 2615 1226 2680 per·

99 2704 270 2771 sectionem
297 2705 386 2772 labor
414 2706 540 2789 accepit.
573 2724 647 2773 nam
676 2706 891 2773 cemnmmato
920 2704 1045 2770 maioris
1076 2700 1226 2767 ecelesiae

99 2806 224 2895 (opere)
245 2810 476 2889 reparationem
504 2809 637 2891 orditus,
671 2808 787 2893 mptim
816 2808 857 2875 ad
884 2805 1014 2891 fastigia
1034 2803 1153 2889 priscae
1175 2802 1226 2867 in·

100 2912 297 2979 columitatis
319 2912 489 2981 surrexisse
511 2912 672 2998 conspexit
693 2913 822 2979 domum
842 2910 894 2982 dni
921 2910 976 2994 qui
997 2908 1131 2975 necdum
1152 2921 1226 2972 con·

61 3020 222 3101 repererat
243 3014 433 3085 inchoatam.
468 3018 581 3100 quibus
602 3018 710 3085 tamen
732 3017 772 3083 ab
794 3034 830 3084 eo
853 3015 995 3083 celeriter
1016 3010 1133 3079 exactis
1154 3026 1227 3074 mer

99 3137 134 3185 ee
161 3118 195 3185 in
223 3118 317 3188 illum
348 3119 474 3187 diuinus
508 3120 597 3187 sanor
630 3121 778 3209 asendit
815 3138 889 3188 nam
910 3118 945 3185 in
978 3115 1119 3183 eiusdem
1152 3111 1227 3181 anui

100 3222 253 3291 curriculo
278 3242 404 3290 summa
430 3226 618 3295 daemcuum
639 3225 733 3291 turba
754 3224 793 3291 de
816 3223 950 3292 emesae
972 3220 1140 3303 coeperunt
1162 3214 1226 3281 cla·

148 3441 285 3529 innecii
308 3458 348 3527 Β,
379 3460 477 3529 praetii
504 3461 530 3517 V
629 3475 801 3517 nummorum
818 3459 847 3514 ui
865 3458 991 3515 attollere
1008 3456 1136 3513 contium
1153 3454 1225 3511 cosei

99 3580 223 3635 &loten
308 3578 454 3636 dheutl'
537 3580 702 3651 5inperciat
720 3580 748 3636 Β
833 3580 966 3650 opprimet
982 3574 1012 3633 B
1096 3547 1225 3630 9¹'ioris

98 3670 124 3732 (e
151 3682 185 3721 erc
211 3680 229 3720 n
256 3668 337 3733 cerr.)
366 3666 394 3721 V
497 3664 647 3723 aedificatio
675 3667 703 3723 L
814 3666 849 3721 10
873 3663 994 3733 exempla
1019 3664 1058 3719 1,ι
1164 3662 1225 3715 tum

98 3750 181 3807 Sim.
284 3752 315 3807 11
340 3752 458 3808 deiectus
480 3753 547 3818 fort.
652 3753 685 3808 lli
707 3750 741 3807 ed
763 3752 792 3806 B
895 3752 930 3806 14
953 3749 1091 3821 peeslmm
1117 3746 1156 3803 B¹

97 3838 197 3893 inditio
218 3838 301 3897 ΜΨ
400 3840 486 3910 ipsius
509 3854 560 3896 ora.
586 3841 623 3907 T,
652 3840 709 3895 eine
730 3838 804 3895 Bou.
907 3837 941 3893 15
964 3835 1111 3892 enceincrit
1129 3834 1157 3889 B

97 3925 130 3981 16
148 3924 219 3995 quod
236 3924 301 3979 dnm
316 3924 381 3992 fort.
467 3925 555 3997 ipil'
643 3924 700 3981 tolo
718 3922 829 3998 nnn?
921 3922 953 3977 l‘i
970 3920 1100 3977 maciem
1115 3920 1156 3975 13¹

97 4012 130 4066 18
147 4013 304 4065 trunccatue
323 4009 350 4065 L
452 4010 487 4065 20
503 4011 610 4067 ruinam
629 4010 657 4066 Β
758 4010 791 4065 21
811 4008 943 4078 stupenda
966 4007 1001 4061 V¹
1103 4007 1225 4078 perlecti·

97 4110 172 4151 onem
191 4094 323 4166 operiri*
406 4094 441 4150 lt
458 4094 659 4167 coneummtide
676 4098 702 4165 (⁰
717 4092 963 4162 erdeaddccrr.)
981 4092 1009 4149 T
1090 4094 1125 4149 28
1142 4113 1221 4169 opere

96 4180 207 4246 addidi,
236 4196 287 4239 om.
313 4180 381 4236 iibri
491 4183 708 4252 preparationem
734 4181 824 4238 ΜΨ·
930 4181 966 4235 96
993 4178 1094 4235 diuisis
1123 4182 1156 4237 T¹

96 4268 129 4323 27
147 4266 290 4323 demonum
308 4268 358 4323 Β.
386 4280 388 4285 ’
437 4268 525 4337 coepit
545 4270 577 4335 Τ,
603 4270 675 4339 oepit
695 4270 723 4325 V
