2992 4967
297 368 360 437 358
593 386 597 393 ·
655 362 771 435 Magni
788 362 917 419 Felicis
933 361 1068 417 ltnnodi

297 574 382 622 mare
405 554 592 639 corporibus,
614 553 721 639 flagris
743 572 778 619 se
800 555 834 618 et
855 551 1046 618 modalibus
1068 552 1185 628 nimiis,
1207 551 1246 615 ut
1264 548 1424 631 ingerent,

296 658 456 725 sacerdote
472 656 644 741 Epiphanio
665 656 848 752 imperante
863 655 1007 737 conpelli.
1040 671 1117 737 quos
1133 653 1189 719 illc
1203 651 1338 719 modica
1359 668 1427 714 cnm

295 760 372 826 fictu
389 759 526 826 oratione
540 758 666 844 promea
679 760 721 825 ad
736 759 852 825 extima
866 762 1022 823 terrarum
1036 755 1174 822 confinia
1187 754 1428 823 transmittebat

296 881 332 929 ac
359 862 490 930 diuersis
524 864 651 929 uocibus
681 862 860 929 ‘heininntcs
893 858 1077 925 meritorum
1110 877 1238 925 snorum
1267 857 1428 941 urguebat

295 964 433 1049 imperio.
460 966 520 1031 ¹scd
548 984 620 1032 cum
649 966 726 1031 talia
759 982 814 1046 per
835 962 955 1029 comt
984 962 1121 1047 gratiam
1149 964 1265 1048 ingiter
1297 961 1454 1040 lacerate

296 1066 375 1135 nihil
397 1068 458 1135 sibi
480 1068 517 1133 dc
538 1070 828 1153 praesumptionum
851 1064 979 1131 flatibus
1001 1066 1196 1133 adrnmebat
1228 1066 1324 1132 tollit
1347 1066 1428 1130 enirn

295 1171 360 1237 illis
382 1170 458 1237 boni
480 1170 585 1237 meriti
606 1172 782 1255 potentiam
799 1172 913 1254 quibus
927 1170 1131 1254 supercilium
1145 1168 1264 1236 fiducia
1279 1168 1428 1253 benigni·

294 1275 372 1341 tatia
396 1274 556 1341 adtulerit.

337 1392 464 1461 Interea
495 1414 534 1460 ne
567 1393 641 1459 solis
676 1396 836 1461 ciuitatem
870 1392 1061 1476 templorum
1098 1388 1229 1458 aedibus
1263 1392 1429 1459 uideretur

295 1516 437 1585 ornasse,
467 1496 555 1565 fessis
578 1500 716 1564 eiusdem
739 1498 826 1565 nubis
849 1496 1080 1563 habitatoribus
1102 1496 1316 1562 remediorum
1339 1495 1454 1561 utili-n

294 1604 359 1669 tate
373 1604 537 1687 prospexit.
564 1620 639 1667 nsm
654 1602 773 1668 directa
786 1601 942 1687 logatione
956 1600 996 1666 od
1010 1598 1206 1666 Odouncrcm
1220 1600 1427 1684 quinquennii

294 1704 489 1771 uacationem
513 1702 667 1770 fiscalium
690 1703 882 1769 tributorum
904 1704 1095 1787 impetrauit,
1119 1703 1252 1787 adquae
1275 1702 1426 1770 beneficia

294 1828 349 1891 per
372 1809 510 1891 singulos
534 1804 744 1890 dispertienda
765 1810 856 1873 tante
869 1825 904 1872 se
920 1806 1070 1872 castitate
1085 1806 1249 1886 continuit,
1273 1809 1315 1873 ut
1338 1824 1426 1871 nomo

295 1931 331 1977 en
354 1910 403 1976 luis
427 1914 529 1976 minus
552 1912 704 1993 acciperet
735 1928 829 1995 qnam
850 1911 895 1989 is,
923 1928 983 1994 qno
1005 1909 1131 1976 inerant
1153 1911 1333 1997 inpetrunte
1356 1926 1426 1974 con·

295 2030 391 2078 cessa.
428 2012 502 2079 dum
536 2014 611 2079 haec
643 2016 752 2079 tamen
784 2017 976 2098 gererentur,
1008 2013 1042 2079 in
1076 2013 1245 2099 perniciem
1277 2010 1452 2098 ligurinae

294 2132 507 2199 possessorum
529 2114 653 2200 Pelagi,
688 2118 807 2199 quiea
838 2119 1026 2199 tempestate
1059 2114 1214 2200 praetorio
1246 2115 1424 2200 praefectus

295 2222 377 2297 erat,
412 2220 564 2302 repositus
598 2208 738 2285 malitiae
770 2219 863 2285 ardor
895 2218 1045 2285 efferbuit
1083 2236 1159 2285 nam
1191 2218 1424 2304 coemptionum

295 2321 482 2388 enormitate
519 2324 702 2406 grauissima
737 2322 857 2389 tributa
888 2322 1069 2406 duplicabat
1100 2324 1311 2404 reddebatque
1349 2336 1422 2386 onus

294 2424 472 2508 geminum,
504 2426 585 2507 quod
608 2426 739 2509 simplex
761 2426 910 2492 sustineri
932 2444 992 2491 non
1016 2428 1148 2509 poterat.
1181 2424 1265 2492 unde
1288 2444 1364 2490 mon
1386 2420 1422 2488 sd

295 2530 439 2594 sanctum
466 2529 571 2609 uirum
600 2542 816 2614 oppressorum
838 2526 932 2594 turbe
953 2527 1118 2608 confluxit,
1147 2530 1201 2611 qui
1222 2528 1329 2595 laetum
1352 2542 1449 2592 sac-a

296 2631 438 2697 burnendi
467 2635 639 2699 occasiones
670 2626 871 2716 amplectitur
892 2636 924 2697 et
944 2647 1001 2715 pro
1024 2633 1207 2697 cunctorum
1234 2628 1422 2697 necessitate

294 2732 396 2799 alacer
425 2734 599 2802 ambularit
625 2734 767 2820 poposcit
794 2734 940 2801 obtinuit.
979 2733 1033 2800 sed
1062 2736 1136 2817 quid
1169 2734 1287 2800 irustre
1321 2732 1421 2818 gestio

293 2833 488 2921 singulorum
509 2840 627 2922 specics
649 2838 794 2904 laborum
808 2836 876 2904 eius
892 2838 944 2903 nel
966 2834 1083 2903 formas
1105 2833 1218 2921 docui,
1241 2838 1319 2903 dnm
1343 2830 1420 2921 qnod

295 2957 357 3004 uon
379 2940 514 3025 explicat
530 2940 723 3024 possibilitas
745 2945 916 3026 praesumit
940 2940 1081 3008 adiectus
1106 2940 1223 3023 datque
1249 2941 1419 3007 terminum

293 3038 407 3107 latiora
440 3042 638 3125 opinantibus
672 3046 825 3110 sermonis
857 3044 1029 3128 angustiat
1060 3043 1189 3110 fuorunt
1219 3046 1327 3109 tamen
1361 3042 1445 3109 istac

293 3143 504 3210 sacratissima
536 3145 619 3211 uatis
642 3144 808 3226 desiderit,
842 3148 895 3226 ut,
928 3164 999 3212 cunr
1021 3145 1265 3213 innumerabilis
1291 3147 1417 3219 faceret,

294 3247 417 3330 optaret
438 3244 477 3313 de
498 3246 643 3314 laudibus
666 3249 732 3315 suis
754 3254 809 3316 aut
830 3248 917 3315 nulla
937 3251 994 3315 ant
1013 3266 1114 3334 pauca
1133 3248 1314 3334 perstringi.
1337 3248 1417 3315 unde

345 3534 470 3591 lllabria
488 3536 517 3591 Β
616 3536 771 3609 iopilanio
787 3538 902 3594 BLTV
996 3539 1059 3595 det
1077 3540 1245 3597 oratione?
1328 3541 1416 3599 icin-

293 3637 380 3695 lantcn
408 3641 435 3695 T
534 3646 615 3696 auoril
637 3646 717 3697 anond
743 3641 783 3698 Ir¹
885 3642 1000 3713 urgebat
1026 3612 1120 3700 tw
1230 3645 1321 3701 trec
1349 3642 1414 3711 curn]

293 3740 398 3797 ³0ch
492 3742 740 3814 dpraaaannptionc
762 3745 799 3800 V¹
892 3745 972 3800 tollet
987 3746 1017 3803 Β
1115 3747 1349 3817 lenparcilicium
1365 3744 1419 3805 LV

293 3846 328 3913 (ci
346 3860 381 3900 rc
398 3860 416 3915 p
433 3860 503 3901 corr.
526 3847 601 3903 Vm.
619 3852 647 3919 1)
749 3849 927 3906 8adtnlenat
949 3850 977 3904 B
1080 3852 1111 3907 11
1136 3847 1294 3921 quinquenii
1314 3852 1352 3909 V¹

293 3947 326 4004 12
344 3947 430 4017 adque
448 3948 476 4004 Β
578 3945 751 4010 benificia?
860 3954 894 4009 14
911 3952 955 4041 luia
974 3952 1005 4022 Τ,
1031 3953 1075 4010 luia
1093 3955 1121 4009 B
1226 3956 1259 4011 15
1277 3955 1414 4025 pernitiem

292 4066 320 4123 a
415 4068 449 4122 re
466 4068 572 4140 Pelagii
591 4070 717 4147 semen
778 4046 888 4160 -qriee
904 4074 933 4130 n
1030 4076 1061 4130 ιτ
1080 4041 1188 4130 morbo
1205 4076 1234 4131 n
1327 4077 1360 4132 re
1376 4076 1413 4129 rn-

292 4168 418 4224 ormitate
435 4169 463 4225 Β
565 4172 599 4227 19
621 4173 755 4231 emmeno
776 4174 861 4233 m
960 4175 994 4231 22
1018 4177 1142 4246 optinuit
1157 4176 1215 4233 LV
1315 4178 1351 4235 28
1366 4178 1413 4233 elo

292 4272 352 4343 qnia
372 4270 400 4328 L
502 4274 537 4329 24
554 4282 704 4345 praesumet
722 4278 751 4333 Β
850 4278 887 4335 26
903 4279 1078 4335 amntisdnui
1095 4280 1177 4337 ΜΨ
