2992 4967
312 286 375 355 386
668 286 784 357 blagni
802 286 925 342 Felicis
944 287 1077 344 Lanodi

312 480 434 546 sueoisa
465 479 569 544 radiae
600 477 797 544 substantiae
828 481 962 563 regionis
995 482 1082 545 illins
1111 483 1214 547 statas
1243 482 1277 547 in
1305 500 1428 565 pronum

310 580 487 649 deflexerat.
525 595 581 664 per
613 581 756 648 ineursas
789 582 875 647 enirn
908 584 1069 649 uariarum
1100 586 1243 668 gentium
1276 583 1428 651 eotidiaua

310 683 489 769 gladiorum
521 700 608 768 seges
641 698 776 749 musam
808 683 983 751 nobilitatis
1014 685 1190 753 absciderat
1221 689 1257 753 et
1289 687 1428 753 leuandae

310 786 439 857 bomani
464 788 612 873 germinis
641 792 741 854 terras
764 788 812 855 ira
833 790 1001 872 populante
1023 791 1194 857 desolabat
1226 790 1292 856 iam
1313 790 1428 867 Franci,

309 892 437 972 Heruli,
467 892 613 970 Saxones,
648 890 841 976 multipliees
868 892 1091 959 erudelitatum
1118 893 1240 978 speeies
1269 891 1455 962 aerumans

310 1014 395 1062 more
417 996 617 1081 peragebant,
641 1007 720 1077 quae
740 996 905 1059 aedanum
921 995 1087 1063 diumntas
1100 995 1329 1081 superstitiosis
1344 1015 1429 1062 mau-

309 1102 411 1184 eipatu
445 1098 574 1165 culturis
607 1097 681 1163 dees
712 1114 785 1161 suos
812 1097 951 1163 bumana
984 1099 1149 1167 amabant
1181 1100 1275 1165 made
1301 1100 1430 1164 molesti

308 1222 364 1270 uae
386 1217 536 1285 umquam
551 1200 735 1285 propitiosa
750 1199 864 1267 babere
877 1203 1017 1286 numius,
1039 1202 1101 1267 nisi
1116 1220 1189 1269 eum
1204 1220 1243 1267 ea
1255 1202 1429 1285 aequalium

308 1324 415 1372 eruere
441 1307 630 1390 planassent:
662 1318 780 1368 cessam
808 1302 1007 1370 oouddabant
1032 1304 1112 1370 iram
1135 1304 1320 1371 amlieelum
1342 1306 1426 1371 inae

308 1411 407 1476 eentis
435 1406 584 1474 effusione
614 1406 792 1491 sangoinis,
827 1407 881 1489 qui
908 1408 947 1472 ut
972 1406 1007 1472 in
1033 1410 1170 1491 gratiam
1196 1408 1340 1474 redirent
1361 1428 1455 1474 eume

307 1512 424 1596 superis
447 1512 520 1589 suis,
540 1510 784 1595 propinquorum
805 1514 1031 1576 consueuerant
1049 1515 1168 1578 mortes
1189 1512 1310 1579 offena
1339 1531 1427 1594 quas·

307 1632 438 1699 eumque
465 1618 572 1680 tamem
600 1614 735 1696 religiosi
765 1612 879 1677 titulus
905 1612 1082 1680 declarabat
1110 1614 1221 1697 ollieii,
1253 1616 1311 1681 bos
1342 1614 1426 1699 quad

305 1719 473 1784 sereniores
487 1716 604 1781 hostias
619 1714 837 1792 immolabant,
860 1715 1063 1782 aestimantes
1076 1716 1160 1799 qued
1173 1717 1298 1801 piorum
1311 1717 1426 1802 iugalis

306 1820 483 1886 diuinitatis
511 1822 647 1885 eessarat
674 1818 849 1901 indignatio
872 1824 906 1885 at
926 1819 1014 1884 fieret
1039 1820 1174 1885 maaria
1199 1819 1321 1905 gratiae
1345 1822 1426 1887 loeus

304 1922 447 1989 offensae.
480 1922 564 1987 inter
586 1938 662 2005 quas
685 1922 863 2005 amporam
884 1921 1036 2006 proeellas
1054 1921 1256 1988 damnatius
1277 1924 1452 2007 pondisse

305 2046 344 2091 ne
367 2026 440 2110 quid
462 2026 495 2092 in
518 2026 632 2091 mundo
654 2023 784 2089 baberet
805 2024 954 2103 subsidii,
977 2028 1060 2090 terra
1081 2025 1256 2109 hospitibus
1279 2028 1426 2110 deputata

304 2130 443 2197 bumana
461 2130 531 2214 lege
552 2128 704 2194 liberatos
726 2130 783 2192 est

345 2232 525 2299 Posterius
540 2230 762 2315 resolutionem
776 2229 950 2295 Amwnimn
970 2231 1112 2297 nostrum
1129 2231 1240 2297 famuli
1256 2232 1297 2297 ad
1313 2233 1424 2299 ltaliae

303 2337 418 2418 partes,
442 2335 552 2418 quibrrs
575 2334 705 2399 anelitus
728 2332 833 2399 luant
854 2333 1033 2416 deputatus,
1068 2332 1190 2399 Christo
1212 2337 1291 2401 duee
1313 2337 1425 2418 perdu-

302 2441 389 2505 ouut.
426 2438 564 2521 principe
589 2436 656 2503 loeo
677 2435 818 2501 neumae
840 2436 948 2513 uella,
976 2454 1055 2519 quae
1078 2437 1108 2502 id
1129 2436 1240 2503 sortita
1262 2439 1312 2503 est
1334 2457 1454 2504 uem-s

303 2538 386 2618 buli,
420 2542 517 2607 limen
550 2541 741 2624 ingreditur:
779 2557 874 2622 quam
906 2540 1062 2605 montium
1095 2559 1131 2605 ex
1165 2542 1297 2623 atroque
1331 2541 1426 2607 latere

302 2643 439 2709 braebiis
472 2642 626 2710 fabricata
659 2646 792 2709 amarae
818 2642 902 2708 ditat
930 2642 1100 2709 amoenitas
1128 2647 1160 2708 et
1188 2643 1226 2708 de
1253 2646 1426 2711 uerticibus

301 2746 441 2811 imundis
470 2746 610 2813 amnium
638 2745 727 2828 plebe
756 2746 928 2830 locupletat
955 2747 1032 2811 uber
1058 2746 1175 2823 solum,
1209 2748 1292 2830 quod
1320 2749 1425 2815 auaris

300 2852 465 2933 respondet
493 2851 581 2915 iuxta
607 2848 761 2915 desideria
788 2849 985 2915 inmoderata
1010 2848 1198 2929 saltubus,
1227 2868 1291 2916 nou
1318 2852 1425 2919 umen

300 2952 346 3015 ita
372 2951 478 3017 aristis
511 2950 752 3037 praegrauidum
784 2956 840 3017 aut
874 2952 1017 3017 reatum
1045 2953 1168 3035 paseuis
1200 2955 1256 3019 aut
1285 2952 1454 3021 momina

300 3053 454 3119 consitam
488 3059 544 3121 aut
575 3055 754 3121 fluminibus
787 3055 924 3139 laetum,
957 3062 994 3121 ut
1015 3072 1076 3119 neu
1098 3056 1127 3121 ai
1147 3058 1217 3139 plus
1238 3060 1424 3139 superueni-

300 3158 380 3223 autis
401 3176 547 3241 personae
575 3158 678 3241 gratia
704 3160 877 3241 praestaret
905 3176 999 3243 quam
1026 3158 1126 3242 ipsius
1149 3159 1279 3242 originis
1302 3164 1424 3227 uariata

300 3266 331 3323 et
353 3260 501 3327 distincta
523 3260 711 3327 formositas.
748 3261 815 3325 illie
835 3262 936 3327 biario
958 3260 1155 3345 presbytero,
1183 3265 1236 3345 qui
1257 3264 1424 3346 spiritibus

298 3364 455 3431 inmundis
484 3362 719 3441 dominabatur,
753 3363 918 3429 adiuratus
947 3369 1009 3445 est,
1044 3366 1117 3449 quia
1144 3365 1222 3431 haee
1244 3371 1294 3432 eat
1313 3386 1423 3433 rerum

298 3466 446 3547 condida,
468 3469 505 3533 ut
527 3466 601 3533 moui
622 3466 758 3533 hominis
780 3485 881 3533 mores
903 3468 1046 3551 mrumst
1066 3468 1195 3534 inuenta
1215 3467 1366 3537 sodalitas
1390 3478 1455 3535 eta

348 3656 364 3708 1
387 3654 484 3711 saeaisi
501 3654 540 3710 L¹
557 3660 589 3709 at
600 3652 712 3709 sadatur
802 3656 820 3710 4
837 3654 975 3725 germinis]
994 3656 1132 3724 generisb
1217 3656 1234 3709 7
1251 3659 1314 3711 eade
1332 3656 1421 3723 BTV,

295 3740 408 3795 oedtL
510 3738 643 3795 aleariL
743 3741 932 3810 8seredB
1033 3742 1217 3811 equaliamB
1318 3744 1422 3798 9oou·

295 3833 416 3945 suerint
438 3860 466 3916 a
568 3860 706 3916 arrarum
728 3862 757 3916 a
861 3865 895 3918 ιο
914 3864 944 3918 n
960 3864 987 3919 a
1004 3880 1025 3917 s.
1044 3863 1063 3918 ι.
1167 3863 1200 3919 re
1217 3864 1342 3919 nosses·
1357 3866 1421 3933 aa,

295 3962 438 4019 hostilibus
455 3962 537 4021 Sirra
634 3962 760 4034 deputata
778 3965 805 4021 B
901 3966 1129 4037 assumpsero,
1157 3968 1269 4035 unaque
1286 3966 1354 4021 Ν

294 4048 328 4102 23
347 4048 457 4104 annium
477 4050 511 4104 1¹¹
613 4052 711 4105 semla
729 4051 757 4107 L
858 4053 893 4107 24
913 4052 1052 4123 respondit
1073 4054 1113 4120 B,
1143 4052 1301 4123 rapendaet
1320 4053 1349 4108 L

294 4134 328 4189 25
350 4134 453 4191 radatis
476 4139 500 4205 (t
517 4138 596 4205 arua)
620 4138 647 4192 L
748 4138 783 4193 26
799 4139 932 4193 andum
948 4141 1061 4209 aedom,
1089 4140 1257 4208 compositum
1273 4140 1353 4203 labri,-
1381 4140 1418 4207 cs.

291 4238 321 4291 p.
334 4224 395 4287 329,
413 4225 433 4276 8
517 4224 609 4278 aissa
626 4223 711 4279 LTV
793 4224 827 4279 28
844 4223 972 4295 distiglta
990 4225 1017 4280 L
1101 4226 1137 4281 30
1149 4224 1268 4280 conditio
1282 4226 1348 4281 labri
