2992 4967
453 365 688 435 Epistularum
706 366 796 421 liber
812 366 873 423 vll.

619 658 707 725 XVI.

468 808 653 867 nnnouws
678 810 855 868 nonanto.

142 934 230 999 Solet
252 952 469 1017 prosperorum
493 934 607 1001 indicia
622 934 799 1019 dispergere
813 939 962 1001 sermonis
976 936 1110 1003 iucunda
1132 937 1221 1002 festi-

97 1038 198 1117 uitas,
225 1034 298 1103 dum
323 1020 469 1120 quicquid
490 1036 564 1101 boni
587 1036 730 1103 facundis
753 1038 918 1104 accesserit
939 1056 1090 1121 germana
1112 1040 1221 1122 gaudi·

74 1160 189 1209 sorum
212 1161 266 1225 per
289 1142 417 1226 populos
439 1159 515 1206 uoce
537 1142 694 1207 discurrit.
731 1141 854 1207 facilius
877 1142 926 1206 est
948 1140 1052 1227 ignem
1074 1142 1107 1207 in
1129 1160 1221 1226 pyras

98 1244 273 1311 animatum
307 1246 417 1327 lingna
450 1246 655 1329 conprimere,
692 1264 785 1327 qnam
815 1244 978 1310 silentium
1005 1244 1086 1311 inter
1115 1247 1221 1329 optata

97 1364 232 1413 seruare.
256 1348 459 1413 humanitatis
483 1350 531 1413 lex
554 1356 601 1415 est
631 1351 663 1413 et
685 1356 816 1414 naturae
838 1349 1003 1431 imperium
1028 1349 1220 1415 hilaritatem

97 1453 213 1516 mentis
230 1453 337 1533 opibus
359 1452 536 1534 scriptionis
552 1452 693 1518 effluere:
710 1454 857 1518 emanant
873 1453 955 1518 enirn
970 1452 1022 1517 uel
1037 1453 1064 1516 si
1080 1452 1220 1517 artantur

97 1554 234 1620 secunda
262 1555 470 1619 conclauibus.
504 1556 556 1620 sed
578 1556 611 1620 in
633 1556 847 1638 magnitudine
872 1561 992 1634 nestra,
1025 1556 1106 1621 sicut
1133 1557 1220 1619 aetas

61 1675 177 1723 recena
199 1658 247 1722 est
268 1659 394 1740 pudoris
417 1660 448 1723 et
471 1658 617 1724 scientiae
640 1660 712 1723 dote
740 1659 969 1738 maturescens,
991 1660 1038 1724 ita
1065 1658 1220 1724 laetitiam

97 1759 192 1825 irenis
207 1762 427 1827 moderationis
443 1760 647 1844 adstringitis.
665 1763 717 1825 sed
732 1760 882 1844 numquid
893 1762 927 1826 in
939 1761 1087 1827 damnum
1100 1762 1219 1844 gratiae

96 1862 262 1944 disciplina
285 1860 376 1929 debet
397 1880 554 1931 excurrere
576 1867 607 1928 et
631 1863 688 1929 hcc
710 1864 810 1929 minui
835 1866 1005 1929 amicorum
1029 1864 1218 1947 diligentiae,

97 1966 180 2049 quod
202 1966 240 2031 ad
263 1986 384 2031 morum
407 1967 588 2033 ornamenta
609 1968 770 2033 sociatur?
813 1968 956 2049 quamuis
978 1970 1135 2033 monetam
1157 1966 1219 2032 La·

97 2068 188 2134 tiaris
212 2068 405 2151 eloquentiae
428 2072 550 2147 teneas,
581 2072 751 2151 conpotes
774 2070 879 2135 tamen
902 2071 1042 2135 inuenire
1070 2071 1218 2153 quemad·

62 2172 225 2239 amodum
246 2172 313 2237 iure
337 2171 456 2237 iactum
479 2172 611 2248 adseres,
644 2172 725 2254 quod
748 2172 924 2257 expectanti
940 2173 1017 2238 mihi
1040 2171 1136 2238 uerba
1156 2190 1218 2237 non

96 2274 219 2339 tribuis.
254 2273 342 2339 decet
365 2293 436 2359 ergo
459 2274 606 2339 beneficia
628 2293 762 2358 superna
783 2276 849 2339 sola
874 2276 1051 2341 amantibus
1074 2276 1218 2359 opinione

95 2376 237 2441 nuntiari
253 2382 284 2442 et
296 2378 334 2442 de
346 2378 446 2443 solida
458 2377 667 2459 gratulatione
679 2378 836 2460 trepidare
851 2380 972 2463 gaudiis
983 2379 1047 2443 iam
1060 2379 1217 2461 potitum?

93 2481 154 2545 hac
183 2497 239 2565 ego
268 2480 450 2546 necessitate
471 2500 603 2563 puerum
626 2480 740 2557 direxi,
771 2482 823 2562 qui
846 2500 907 2546 non
930 2483 1072 2565 reposcat
1093 2480 1216 2563 scripta,

92 2582 147 2647 sed
171 2582 282 2665 erigat.
307 2583 405 2648 nostis
429 2603 506 2667 quae
522 2584 563 2648 sit
585 2584 701 2649 fiducia
716 2583 901 2666 simpliciter
916 2584 1087 2661 amantum,
1111 2602 1218 2648 eornm

54 2687 268 2768 inpraecipue,
286 2704 417 2767 quornm
432 2704 516 2771 spem
533 2687 674 2751 retinetis
690 2688 811 2770 gratiae
829 2686 1032 2769 promissione
1047 2685 1215 2753 firmatam.

96 2790 221 2855 domiue
243 2788 303 2865 mi,
338 2788 561 2853 salutationem
590 2789 806 2872 plenissimam
828 2790 933 2855 dicens
961 2806 1089 2871 quaeso,
1119 2790 1155 2851 ut
1185 2793 1217 2852 et

94 2894 271 2975 frequentes
295 2896 327 2955 et
350 2910 410 2956 non
432 2892 465 2956 in
487 2896 590 2957 artum
612 2896 735 2957 coactas
752 2892 896 2975 epistolas
919 2890 1089 2956 destinetis.
1112 2890 1217 2957 uidete

94 2994 192 3061 animi
221 2997 283 3060 mei
311 2994 529 3061 securitatem:
562 2994 696 3077 prolixas
733 3013 823 3077 posco
855 2996 999 3078 paginas,
1033 2993 1088 3075 qui
1119 2993 1218 3059 adhuc

92 3098 197 3164 nullas
220 3096 333 3179 accepi.

143 3376 217 3432 XVI.
252 3377 269 3431 2
295 3380 362 3432 item
384 3376 512 3431 ennodius
536 3377 619 3432 ΜΨ
717 3378 735 3431 3
761 3376 876 3432 iocunda
898 3377 1029 3433 Banna
1132 3380 1151 3431 4
1177 3376 1219 3430 ia·

89 3470 183 3527 condis
210 3470 243 3527 Ρ
347 3472 491 3527 adcesserit
512 3472 540 3526 Β
643 3471 765 3541 germina
790 3471 818 3525 L
918 3473 937 3527 5
963 3471 1095 3527 &curret
1121 3472 1148 3527 B

89 3570 134 3621 ast
151 3582 202 3623 orn.
221 3565 248 3621 T
347 3566 465 3635 piraeT
564 3566 735 3634 domentur]
756 3567 914 3620 coemuntur
934 3566 959 3617 l'
1057 3567 1158 3634 timp.
1176 3582 1216 3620 se·

90 3661 180 3717 cunda
197 3660 225 3715 Β
249 3676 280 3714 m.
299 3676 352 3717 rec.
371 3660 513 3727 foecunda,
540 3659 704 3715 foecundat
808 3660 844 3714 1⁰
865 3660 1039 3715 maturiscens
1063 3658 1146 3714 ΒΜ)

92 3757 126 3812 11
153 3754 345 3810 moderationis
371 3756 460 3821 (mode
481 3758 512 3810 in
528 3772 583 3809 ras.
607 3756 682 3811 uocis
705 3754 792 3811 ironia
808 3770 842 3809 m.
855 3758 881 3822 1)
912 3754 938 3809 V
1040 3754 1216 3823 adstringetis

88 3850 141 3905 Bb
244 3850 390 3918 dampnum
408 3849 494 3905 ΠΝ
592 3850 624 3904 13
647 3850 766 3907 sociatur
783 3866 817 3904 ec
835 3850 937 3905 sciatur
955 3848 982 3905 L
1084 3849 1214 3904 monitam

89 3969 141 4024 Bt
239 3969 272 4023 14
288 3972 470 4039 potentiamen
487 3971 523 4035 B,
554 3974 643 4041 potest
660 3971 786 4025 tament
886 3972 918 4025 15
935 3971 1149 4038 exspectantiV

91 4063 125 4117 ll
143 4064 271 4135 potitum]
289 4066 421 4134 positdL
517 4067 549 4121 18
567 4067 626 4137 heo]
645 4082 676 4121 ao
692 4067 770 4123 aad
859 4082 924 4135 ergo
945 4066 997 4121 TV
1088 4066 1123 4119 20
1140 4082 1213 4134 prae·

88 4184 184 4252 cipnae
206 4184 234 4241 B
345 4188 376 4240 21
401 4202 427 4239 m
453 4186 483 4251 T,
514 4185 584 4241 mihi
605 4187 709 4243 BLVt
821 4200 903 4255 queso
931 4184 1015 4240 ΜΨ
1121 4188 1154 4239 ut
1176 4186 1213 4253 et]

89 4278 155 4331 uti
259 4278 292 4332 22
310 4282 416 4334 arctum
433 4279 481 4335 Bb
