2992 4967
348 354 410 431 180
704 360 816 430 Magni
834 360 962 415 Felicia
981 360 1110 415 bnnodi

346 551 488 635 equidem
503 551 721 617 uniuersorum
735 568 840 615 rernm
862 552 1008 615 ouantia:
1032 550 1166 633 oondgit
1179 552 1298 628 tamen
1322 551 1350 615 si
1372 553 1464 617 nerlu

346 655 485 737 deneges,
507 653 579 736 plns
601 652 754 736 pudenda.
781 670 872 736 saepe
894 652 991 717 etiam
1007 653 1111 717 euenit
1133 654 1169 717 nt
1191 652 1371 735 toquenter
1392 654 1465 717 seri·

346 757 452 822 bentes
473 756 577 821 minus
598 754 750 837 diligant:
780 771 951 837 numquam
978 757 1086 820 tamen
1109 757 1254 832 accessit,
1284 758 1321 820 nt
1347 756 1466 838 abqnid

345 859 468 925 ceritati
490 860 628 925 reseruet
650 860 703 940 qui
724 858 758 921 in
779 859 931 939 perpetua
946 859 1162 925 taciturnitate
1177 859 1338 941 perdurat.
1364 861 1466 941 potest

345 963 430 1029 nasci
458 963 495 1028 de
525 960 746 1045 epistolaribus
774 960 999 1026 blandimentis
1033 960 1242 1044 ambiguitas:
1277 964 1365 1027 certa
1380 962 1493 1026 ‘fideas

345 1072 392 1133 est
414 1067 453 1132 ab
477 1084 530 1142 eo,
553 1068 606 1148 qui
629 1070 733 1131 seruet
757 1065 929 1143 silentium,
952 1081 1015 1127 non
1037 1065 1146 1129 amari
1175 1065 1366 1139 lacessat,
1391 1081 1465 1146 qnae

344 1170 378 1234 in
400 1168 600 1234 festinatione
620 1168 787 1251 perlatoris
809 1167 892 1233 celer
920 1168 1047 1249 scripsi,
1069 1168 1203 1249 geminis
1230 1168 1370 1232 stimulis
1393 1165 1466 1231 inci·

344 1274 431 1339 tatus
454 1272 756 1355 uelproperetionis
786 1270 883 1337 baiuli
910 1272 961 1337 uel
982 1270 1105 1337 doloris.
1148 1289 1219 1353 ergo
1240 1270 1345 1337 taedio
1372 1269 1468 1335 animi

345 1376 408 1439 mei
429 1376 568 1441 remedia
588 1376 807 1441 incunctanter
827 1372 982 1451 adhibete,
1008 1375 1045 1438 ut
1066 1374 1209 1457 quamuis
1232 1373 1392 1439 defuerint
1414 1373 1466 1437 hs·

345 1483 453 1544 etenus
476 1476 637 1547 affectioni
658 1476 774 1561 pabula
796 1494 861 1551 sna,
891 1475 923 1539 in
949 1476 1084 1540 statione
1106 1492 1172 1540 esse
1187 1478 1294 1541 umen
1315 1476 1494 1559 promissae

345 1581 458 1647 caritas
479 1582 664 1647 innotescet
708 1579 831 1647 domine
858 1581 921 1655 mi,
950 1577 1086 1643 salutem
1112 1579 1332 1661 plenissimam
1361 1579 1464 1643 dicens

345 1702 465 1765 quaeso,
489 1688 525 1749 ut
549 1682 753 1766 expectationi
773 1700 861 1747 meae
881 1680 964 1764 qnod
979 1679 1260 1764 sufficitloqnendi
1275 1682 1463 1763 peritissime

346 1803 407 1851 non
430 1787 569 1869 negetur.

869 1970 941 2037 XII.

599 2124 782 2182 ENNODIVS
808 2124 1019 2183 Rosulanus
1044 2122 1210 2182 biscocto.

388 2248 502 2314 Nullus
530 2254 704 2315 remaneret
735 2250 890 2333 imperitis
919 2249 1004 2315 locus
1032 2250 1156 2327 neniae,
1186 2249 1213 2312 si
1241 2248 1333 2330 plura
1362 2247 1464 2329 loque-

345 2356 468 2417 rentur:
492 2351 558 2417 sola
579 2352 719 2417 breuitas
742 2354 941 2418 commendat
962 2350 1111 2417 indoctos.
1145 2368 1239 2434 supra
1261 2368 1398 2416 errorem
1419 2352 1464 2413 eat

345 2454 465 2536 prolixa
485 2455 625 2520 narratio
640 2454 835 2520 rusticantis:
859 2457 981 2536 quando
1003 2453 1042 2519 ab
1058 2455 1167 2537 ignaro
1191 2456 1349 2519 extortum
1370 2452 1464 2518 fuerit

345 2556 425 2639 quod
448 2556 502 2621 diu
524 2557 663 2641 legatur,
693 2556 754 2621 sibi
775 2574 937 2622 rancorem
964 2574 1055 2621 sunm
1084 2556 1178 2622 debet
1205 2560 1336 2622 macter.
1382 2556 1466 2638 quis·

345 2678 478 2743 quamne
507 2661 668 2726 hominnm
700 2660 734 2725 in
761 2662 891 2743 longum
924 2662 996 2724 uult
1024 2659 1214 2725 fastidienda
1242 2658 1406 2741 procedere
1436 2661 1466 2722 et
1479 2682 1492 2707 r

345 2764 431 2829 nullo
446 2782 553 2847 sapore
570 2765 694 2830 condita
709 2763 819 2827 breues
835 2762 983 2827 terminos
999 2779 1061 2827 non
1078 2763 1213 2828 babere?
1235 2761 1379 2827 Romana
1398 2762 1464 2845 boe

345 2866 452 2945 frates
476 2869 508 2932 et
529 2866 662 2933 nimium
687 2865 801 2931 artifici
822 2864 999 2930 subtilitate
1021 2864 1187 2948 flagitasti:
1210 2864 1264 2929 sed
1287 2879 1343 2928 nos
1358 2867 1465 2928 contra

344 2969 510 3035 fabricatos
532 2970 635 3035 munit
658 2966 843 3051 simplicitas
866 2966 962 3032 nullis
986 2966 1125 3033 colorata
1137 2965 1326 3051 praestigiis.
1350 2964 1465 3031 etenim

346 3072 489 3152 quamuis
512 3089 561 3135 me
584 3068 748 3137 delenifica
771 3069 918 3154 epistolae
940 3070 1011 3134 tuae
1030 3070 1168 3135 oratione
1189 3070 1380 3152 produxeris,
1404 3070 1466 3133 mei

345 3174 559 3238 immemorem
581 3189 642 3237 non
665 3171 777 3237 iecisti.
815 3172 878 3237 scio
900 3176 1003 3237 artare
1024 3172 1189 3257 paginam,
1217 3172 1309 3267 cuius
1327 3172 1465 3256 pretium
1480 3199 1491 3216 ‘-

345 3274 559 3358 promulgator
580 3275 739 3360 intellego.
784 3273 907 3340 noueris
932 3294 983 3340 me
1004 3277 1109 3341 tamen
1137 3274 1215 3340 meis
1238 3274 1381 3359 partibus
1404 3291 1465 3338 non

345 3378 465 3457 deesse,
500 3378 641 3461 quamuis
672 3380 762 3443 uocet
794 3377 826 3442 in
859 3378 998 3444 medium
1031 3377 1064 3446 et
1095 3379 1232 3444 urbsnus
1264 3381 1295 3442 et
1323 3376 1465 3442 clericus.

345 3479 398 3545 sed
414 3480 487 3562 quid
502 3480 637 3564 produco
651 3481 809 3565 paginam,
824 3483 912 3547 cuins
926 3482 1065 3563 superins
1080 3482 1260 3565 angustiam
1271 3479 1464 3564 pollicebar?

345 3582 421 3649 baec
438 3583 517 3649 mibi
531 3602 602 3651 curn
621 3588 747 3649 amante
762 3585 966 3651 concertatio:
989 3584 1061 3649 talia
1079 3584 1199 3649 irnctm
1214 3586 1263 3650 eet
1276 3583 1465 3648 litterarum.

396 3818 606 3890 2denegsne1L
702 3820 719 3875 3
736 3834 873 3889 nunqnam
892 3820 947 3874 ΤΥ
1037 3820 1118 3874 dnos
1135 3834 1187 3874 nen
1203 3817 1270 3884 fort.
1366 3817 1469 3871 'linci-

344 3941 428 4011 usus]
447 3942 568 4011 spuens
589 3942 613 3994 r
704 3941 872 3997 secuerint
892 3942 913 4009 (r
930 3956 964 3996 ee
981 3956 996 3995 ο
1013 3944 1095 4011 eon.)
1113 3941 1140 3996 n
1242 3941 1274 3995 11
1293 3903 1320 3992 d
1341 3939 1371 4004 r,
1399 3938 1468 3993 mur

345 4042 432 4113 LVs·
502 4046 535 4099 12
548 4044 741 4117 ,exspectationi
758 4044 816 4101 LV

395 4164 460 4221 XII.
497 4167 528 4221 15
546 4166 681 4223 hormisde
699 4167 725 4221 T
810 4168 845 4223 18
860 4166 1015 4239 ignarsegb
1099 4167 1218 4221 exortm
1239 4163 1265 4219 Τ
1353 4164 1389 4219 24
1404 4179 1465 4234 pro·

344 4286 441 4341 disens
459 4287 486 4342 L
583 4286 616 4342 29
633 4285 704 4341 mito
721 4288 756 4355 L,
782 4254 809 4343 m
827 4304 861 4344 aa
877 4288 945 4343 mibi
966 4289 992 4343 Τ
1005 4303 1039 4341 ou
1052 4289 1081 4353 2,
1107 4286 1145 4340 mi
1165 4286 1193 4342 V
1277 4284 1434 4354 amantejb
