2992 4967
507 348 597 403 liber
613 349 668 416 111,
696 348 806 404 13-17.
1180 348 1221 415 79

77 558 224 623 quorum
257 539 323 606 ism
354 536 515 622 eeclesiae,
550 538 656 605 domos
690 538 723 603 et
753 536 962 605 substantiam
995 539 1152 619 oeperunt,
1186 534 1221 599 iu

78 642 235 727 hospitiis
268 642 382 725 quibus
404 644 496 709 erant
518 642 667 725 expoliari
688 643 720 707 et
742 641 913 725 expoliatos
934 641 1009 708 forie
1037 658 1126 705 muro
1146 657 1221 725 pro·

78 745 178 829 pelli.
223 743 296 811 Non
317 744 446 825 ammai,
481 764 543 811 non
565 761 686 828 seruus,
722 762 785 811 non
806 745 959 811 mutanda
980 762 1057 827 quae
1079 741 1222 809 ferebant

79 849 279 915 uestimenta
311 849 435 931 penitus
469 848 697 924 dimittuntur;
735 846 853 913 addens
888 846 1007 926 adhue,
1044 846 1081 909 ut
1112 845 1219 912 nullus

51 953 270 1034 squempiam
304 950 431 1015 illorum
464 949 598 1033 hospitio
632 950 785 1033 reciperet
805 952 861 1015 eut
882 948 1064 1016 alimoniam
1086 948 1218 1034 praesti·

78 1054 217 1131 tissent;
253 1054 308 1137 qni
329 1056 435 1119 nutem
458 1052 516 1119 boe
537 1051 748 1119 miserationis
781 1070 876 1119 eausa
896 1052 996 1120 faeere
1024 1053 1218 1135 temptasset,

81 1174 164 1222 enm
186 1155 333 1223 uniuersa
354 1158 445 1223 domo
467 1174 526 1223 ena
547 1156 688 1223 ineundis
711 1158 913 1223 enumeretur.
956 1154 1121 1238 Sapienter
1142 1156 1219 1221 tune
1229 1153 1270 1220 16

79 1260 186 1326 etiam
208 1259 339 1342 proiecti
361 1260 498 1343 episeopi
527 1259 679 1343 deserunt,
713 1260 843 1326 utlibet
865 1258 1075 1328 mendiuentee
1108 1257 1218 1324 exinde

80 1380 154 1429 nun
175 1362 312 1447 abirent;
335 1363 410 1446 quin
424 1364 451 1428 si
473 1362 663 1442 recederent,
684 1379 747 1428 nen
770 1364 897 1427 tantum
917 1360 1071 1428 uiolenter
1092 1362 1218 1427 omnino

39 1486 69 1527 ιο
80 1469 320 1542 renouarentur,
351 1468 384 1531 et
404 1465 615 1531 mentirentur
636 1483 698 1541 eos,
732 1464 814 1531 siout
835 1465 963 1531 mentiti
983 1467 1067 1545 eunt,
1101 1464 1218 1550 fugisse

82 1568 286 1647 contimtum
320 1568 457 1635 manime
479 1571 562 1653 quia,
585 1568 641 1635 nbi
663 1568 902 1652 reuerterentur,
935 1571 1000 1635 iam
1021 1585 1217 1651 nequaquam

80 1672 201 1750 fuerat,
224 1672 370 1752 ecclsiis,
394 1671 573 1739 substantia
594 1669 648 1738 uel
670 1671 816 1738 domibus
839 1671 1005 1756 occupatis.
1038 1674 1122 1738 Dum
1144 1689 1217 1755 erge

81 1778 251 1858 gementes
272 1775 306 1843 in
329 1775 462 1843 circuitu
485 1793 647 1841 murorum
668 1778 751 1841 nudo
773 1774 831 1841 sub
849 1781 919 1843 abre
933 1777 1079 1855 inserent,
1098 1775 1218 1841 fectum

81 1882 136 1943 est
160 1880 196 1943 ut
217 1899 271 1945 rex
292 1878 408 1965 impius
430 1880 469 1945 ed
491 1880 626 1963 pissinas
652 1881 775 1947 exisset.
817 1878 875 1946 Cui
896 1879 1036 1947 uniuersi
1059 1897 1217 1946 summere

45 1980 270 2049 remaluernnt
299 1981 455 2049 dieentes:
486 1983 533 2049 ‘ut
556 1982 630 2066 quid
652 1982 762 2049 taliter
793 1982 993 2065 adfligimur?
1026 1999 1082 2065 pro
1104 1981 1216 2065 quibus

82 2084 182 2151 malis
205 2086 285 2152 forte
321 2086 494 2152 summissis
523 2086 585 2153 iste
598 2132 600 2137 ,
614 2086 831 2170 perpetimur?
861 2088 888 2153 si
912 2089 952 2153 ad
973 2086 1218 2169 disputationem

83 2189 269 2269 congregati
301 2207 419 2266 sumus,
448 2207 543 2272 quare
570 2188 738 2273 expoliati?
771 2208 866 2273 quare
892 2190 1094 2266 traducimur,
1123 2204 1217 2271 quare

84 2290 269 2366 differimur,
305 2294 337 2358 ot
359 2292 429 2357 sine
451 2291 591 2359 ecelesiis
614 2297 646 2358 et
668 2293 811 2359 domibus
843 2293 958 2359 nostris
985 2293 1060 2358 foris
1088 2292 1217 2357 eiuure

84 2392 172 2458 fame
194 2398 227 2459 et
254 2394 397 2461 nuditate
430 2394 609 2461 laborantes
642 2396 755 2463 mediis
788 2398 973 2462 stereoribus
1005 2385 1216 2461 uolutamust'

46 2518 73 2559 su
84 2495 171 2576 Quos
186 2497 240 2562 ille
256 2498 356 2563 tornis
372 2498 471 2564 oeulis
487 2497 652 2581 aspicieus,
668 2498 849 2583 priusquam
863 2500 1094 2583 suggestionem
1109 2514 1216 2563 eorum

83 2598 233 2682 audisset,
257 2598 350 2667 iussit
371 2618 464 2686 super
486 2620 538 2669 eos
554 2620 625 2667 eum
648 2603 818 2669 sessoribus
840 2621 934 2684 eques
956 2601 1084 2679 dimitti,
1107 2603 1144 2663 ut
1157 2599 1216 2664 tali

82 2703 237 2769 uiolentia
268 2706 395 2787 possent
428 2722 489 2771 non
524 2705 625 2771 solum
658 2706 793 2789 uenturi,
829 2725 939 2771 uerum
971 2706 1066 2769 etiam
1098 2701 1213 2767 neosri.

83 2806 224 2888 Quorum
246 2809 323 2873 tune
345 2808 439 2874 multi
462 2808 590 2874 contriti
612 2814 686 2874 sunt
708 2813 741 2875 et
762 2810 927 2892 praeeipne
939 2826 1027 2873 senes
1042 2808 1075 2871 et
1087 2802 1215 2871 infirmi

131 2926 200 3009 (IV,
215 2928 250 3011 4)
273 2929 354 2995 Tum
371 2931 480 2997 deinde
496 2930 643 2997 iubentur
665 2931 704 2996 ed
719 2930 874 3012 quendam
896 2930 1008 3007 locum,
1032 2931 1085 3013 qni
1100 2924 1264 2993 dieiturli

48 3051 73 3093 ιι
83 3030 185 3096 Aedes
200 3032 378 3111 Memoriae,
400 3033 449 3099 illi
465 3034 527 3098 uiri
542 3032 591 3098 dei
605 3052 774 3117 occurrere,
797 3034 941 3100 fraudem
962 3032 1021 3098 sibi
1043 3031 1215 3097 nescientes

84 3133 235 3217 aptatum.
265 3135 328 3200 Ubi
352 3153 424 3201 oum
447 3136 614 3216 uenissent
637 3140 721 3203 carte
743 3135 787 3201 eis
809 3136 982 3203 ostenditur
1002 3136 1147 3201 inuoluta
1167 3132 1216 3199 di·

83 3236 225 3319 oiturque
252 3237 319 3303 illis
340 3236 403 3304 ista
430 3238 605 3305 subtilitate
638 3240 805 3325 serpentis:
838 3238 991 3306 ‘dominus
1025 3242 1131 3304 noster
1161 3254 1215 3301 rex

136 3492 282 3561 lesperat
299 3511 318 3548 a
344 3496 466 3563 coeperet
487 3496 573 3566 WP,b
702 3496 808 3551 2furis
825 3496 854 3551 P
969 3510 1059 3549 mures
1076 3494 1146 3565 abb

86 3578 103 3632 5
122 3579 217 3648 quopia
236 3576 337 3635 Vsum
354 3596 409 3635 rue.
428 3596 490 3651 sup.
509 3598 524 3635 e
542 3588 601 3637 eta
688 3582 891 3651 praestitissent
908 3580 1078 3637 BVOWsur
1103 3583 1215 3650 praesti·

84 3666 163 3718 tisset
189 3664 282 3736 MLb3
313 3668 347 3733 cs.
367 3668 467 3722 'India
487 3667 743 3725 Inumbrante
766 3668 804 3723 ud
825 3668 942 3723 amsum'
1048 3669 1066 3722 8
1092 3668 1214 3739 proiecti]

84 3750 250 3817 praedictio
353 3751 519 3807 9hnbirent
545 3752 599 3810 PR
700 3754 765 3823 quia
783 3753 818 3824 si]
837 3753 914 3824 qnasi
933 3754 985 3820 φΡ
1083 3768 1137 3807 nou
1154 3756 1214 3807 tan·

85 3836 154 3905 tum]
174 3852 206 3889 ne
224 3837 295 3891 tenti
317 3838 386 3893 Cin
404 3855 459 3893 ras.
567 3840 599 3894 12
620 3838 780 3909 eecleeieed
865 3840 1019 3909 substantie
1037 3840 1129 3895 BVM
1150 3840 1214 3895 sub-

85 3920 218 3975 stuntiiss
302 3927 445 3994 occupatur
460 3922 519 3980 BV
601 3927 635 3980 14
646 3942 751 3981 occurre
764 3927 792 3981 P
878 3927 912 3981 18
924 3927 966 3979 dif
976 3926 1049 3993 (diff-
1061 3928 1214 3991 P)errimur

85 4006 194 4064 BVPR
211 4008 390 4066 diserimurG
483 4013 622 4067 uinitatem
635 4013 679 4067 eL
774 4013 808 4067 19
819 4012 941 4068 steens
952 4013 1059 4070 Buce
1144 4013 1213 4071 ueli-

87 4096 173 4149 tamus
190 4094 218 4149 P
245 4096 390 4150 uolitamnr
408 4097 435 4152 b*
464 4098 620 4155 uolutamur
641 4098 794 4155 02711112)ι
896 4099 930 4153 22
948 4100 1052 4155 enecari
1076 4100 1145 4171 Wab

88 4178 120 4232 23
137 4181 164 4233 et
180 4179 281 4235 infirmi
299 4184 385 4251 erud
483 4184 517 4239 24
536 4188 602 4239 tuus
619 4184 699 4241 Mede
797 4184 831 4240 26
848 4188 1035 4254 aptatntamu
1120 4186 1215 4242 oberte

87 4267 103 4333 β
206 4266 240 4319 27
257 4266 317 4320 illus
342 4265 369 4321 V
466 4268 541 4325 itab
