2992 4967
452 319 687 389 Epistularum
704 319 795 376 liber
812 318 860 376 vt

604 647 704 713 XVII.

335 797 516 855 Ennomus
539 798 772 857 msaosatlno
795 798 974 858 EPISOOPO.

131 921 293 1004 Magnidoi
315 922 376 985 uiri
399 922 503 987 domni
528 921 731 1005 Stephanioni
757 922 816 989 tilii
840 922 935 988 uestri
963 922 1038 988 fauit
1066 922 1215 1009 dignatio,

82 1028 125 1089 ut
138 1024 331 1089 beatitudini
347 1026 469 1090 uestrae
480 1026 627 1110 legendus
642 1044 812 1105 occurram,
829 1029 917 1092 ouius
931 1026 1082 1091 bonefisio
1096 1028 1216 1091 itineris

56 1126 207 1191 suauitas
230 1128 418 1192 detrimenta
440 1144 501 1190 non
530 1128 649 1209 patitur
672 1130 705 1193 et
726 1128 808 1212 quod
834 1129 1012 1212 praeseutia
1039 1146 1101 1193 non
1129 1130 1217 1194 ualet

83 1248 233 1295 sermone
256 1233 433 1313 conpensat.
458 1231 505 1295 his
529 1250 602 1316 ergo
624 1232 753 1300 seruitia
776 1233 962 1315 apostolatui
983 1236 1086 1297 uestro
1109 1232 1216 1297 debita

83 1337 323 1416 repraesentans
353 1350 480 1415 quaero,
509 1336 545 1399 ut
576 1354 626 1399 me
656 1336 832 1400 orationum
861 1334 1009 1419 suffragio
1035 1334 1215 1414 subtantiis,

83 1439 244 1520 quatenus
260 1440 392 1503 insertus
407 1438 579 1504 ueusrabiIi
599 1439 803 1505 conscientiae
819 1440 857 1504 ds
874 1439 959 1504 omni
971 1458 1092 1503 merear
1107 1436 1216 1523 digna·

83 1542 185 1607 tionis
214 1544 338 1609 uestrae
365 1543 454 1625 fruge
484 1543 651 1627 gratulari,
684 1544 759 1625 quia
789 1544 922 1609 flduaiaa
955 1562 1042 1609 meae
1063 1546 1216 1609 ‘eoronam

48 1648 230 1711 rouestram
254 1664 314 1710 uon
338 1644 463 1729 ambigo
487 1663 717 1728 responsuram.

594 1886 712 1952 XVIII.

447 2038 629 2095 Ennomus
651 2038 862 2097 nomunlcnu.

129 2164 216 2228 Fecit
240 2165 423 2246 magnitudo
447 2168 550 2229 uestra
573 2166 654 2247 quod
678 2168 709 2229 et
732 2165 850 2229 sanatis
876 2164 1015 2230 moribus
1035 2164 1100 2229 suis
1123 2164 1216 2229 debat

86 2270 121 2332 et
144 2270 300 2353 sanguini,
322 2273 359 2334 ut
380 2269 621 2351 propinquitatis
644 2270 828 2334 memoriam
855 2269 974 2334 silentii
995 2287 1056 2333 nou
1078 2269 1217 2351 patiatur

51 2373 214 2453 retorpora
236 2372 444 2455 languescere.
490 2373 521 2437 iu
546 2388 739 2455 quacumque
765 2376 923 2436 terrarum
945 2376 1034 2453 parte
1055 2372 1139 2436 uiuit
1161 2374 1216 2437 ad·

86 2476 211 2553 finitas,
246 2494 302 2541 nso
330 2478 514 2559 separantur
547 2473 725 2560 regionibus
756 2475 933 2557 parentelae
963 2478 1072 2541 eatena
1097 2475 1215 2540 sociati

88 2579 209 2645 credits
237 2579 332 2658 mihi,
363 2580 488 2645 dileetio
517 2582 623 2645 sancta
646 2596 707 2642 nou
737 2578 858 2660 deponit
883 2596 941 2643 uso
969 2577 1071 2643 ulium
1098 2579 1216 2661 potitur

86 2702 144 2765 par
172 2682 343 2747 diuisioues
377 2682 526 2748 itinerum
561 2687 675 2747 natura
708 2681 916 2763 dispendium.
961 2698 1033 2747 uam
1066 2698 1219 2763 generum

88 2790 233 2851 uestrum
260 2787 383 2851 tautum
406 2786 484 2851 mihi
511 2786 664 2851 noueritis
686 2784 830 2851 caritatis
851 2783 1033 2867 inpendere,
1063 2786 1216 2867 quantum

51 2920 79 2959 ao
90 2891 131 2955 ad
146 2888 398 2955 uisissitudinem
414 2890 503 2955 nulla
518 2888 692 2955 satisfactio
708 2889 824 2954 existat
836 2887 954 2953 idonea
970 2888 1052 2969 quod
1064 2886 1216 2971 superest,

90 2994 218 3059 domina
239 2992 302 3068 mi,
336 2992 523 3074 aooipieutes
553 2992 677 3057 debitae
703 2991 902 3059 salutationis
924 2990 1079 3071 adsutum,
1123 2992 1216 3057 doum

89 3114 212 3181 pretor,
235 3100 271 3161 ut
293 3096 327 3161 in
351 3097 429 3161 bono
452 3098 580 3161 mutuae
603 3096 764 3161 solioitatis
787 3094 915 3160 uidendi
941 3111 997 3161 uos
1025 3094 1216 3161 oooasiouam

90 3200 230 3265 conferre
264 3200 427 3283 dignetur,
462 3200 614 3283 quatenus
648 3198 706 3265 sub
742 3198 992 3265 ooufabulatione
1024 3200 1131 3265 uotiua
1163 3200 1217 3282 pia

90 3303 243 3371 desideria
265 3303 475 3369 subleueutur.

140 3592 231 3647 XVII.
267 3593 283 3645 2
307 3592 426 3661 episcopo
446 3608 495 3647 ona
518 3592 542 3646 T
643 3592 780 3646 3domini
803 3592 818 3645 b
922 3590 1067 3645 stefauioni
1085 3591 1125 3654 B,
1152 3592 1215 3645 lire·

87 3678 240 3734 saniosisb
344 3678 382 3732 iili
406 3679 433 3731 B
535 3678 685 3733 4Itonoris
708 3678 777 3733 ΒΥ*
880 3680 1057 3746 dooupessat
1079 3677 1118 3731 Π
1136 3680 1166 3744 (u
1183 3679 1215 3731 in

88 3782 115 3818 m
134 3772 159 3819 et
177 3782 204 3819 ss
220 3767 254 3820 ios
270 3779 302 3820 ns
319 3782 388 3821 corr.
407 3782 442 3823 m.
460 3769 531 3833 ont.)
634 3766 651 3821 Β
669 3767 798 3834 quatinus
816 3764 898 3821 MV

140 3884 245 3943 stru.
282 3885 315 3941 12
332 3886 409 3943 orae
427 3888 488 3953 nr,
515 3857 636 3943 romnis
655 3888 682 3941 n
792 3888 826 3941 14
842 3886 959 3957 pausos
977 3885 1005 3941 a
1107 3888 1143 3943 rs
1157 3886 1219 3941 om»

88 3962 153 4058 pon
168 3990 197 4043 s
299 3990 464 4059 rangurseera
483 3992 511 4045 s
624 3991 658 4046 rs
679 3989 839 4060 parumne
856 3990 906 4046 so
1019 3990 1052 4044 rr
1070 3972 1163 4059 “pern
1184 3988 1216 4054 v,

88 4074 197 4129 debonat
220 4075 269 4130 Bt
382 4076 414 4129 18
441 4076 588 4132 diuisionea
610 4077 724 4146 scripsi,
750 4076 895 4130 diuisionis
916 4074 1026 4141 ΒΜ,
1053 4075 1219 4130 diuersionis

88 4160 116 4215 L
211 4160 344 4217 itenerum
363 4161 424 4227 BV,
452 4161 549 4219 itinora
563 4163 644 4220 Sim.
744 4163 778 4216 21
795 4161 864 4219 mihi
881 4162 967 4221 BLV
1058 4162 1215 4231 souipiartts

87 4247 161 4302 Bao
266 4247 444 4317 asquitinus
466 4250 491 4302 T
