2992 4967
284 380 367 427 val

285 550 369 615 tutes
401 552 469 612 tum
500 545 690 631 singularem
719 542 917 627 sapientiam.
955 544 1061 608 tamen
1084 542 1252 625 posteriore
1275 550 1421 627 ternpore

284 654 446 734 utriusque
468 650 707 715 constructionis
730 646 898 712 discrimen
921 646 1087 711 confusum
1102 664 1170 711 esse
1192 648 1330 714 uidetur.
1361 649 1419 713 ad-

285 760 359 822 sunt
374 754 455 821 euim
471 753 525 819 alii
541 753 637 818 etiam
652 751 704 836 qui
721 753 779 815 hoo
794 751 978 817 confirment
1000 752 1069 835 loci,
1093 754 1131 815 ut
1145 751 1219 829 274,
1235 753 1254 816 7
1270 750 1419 817 sublimes

286 865 353 924 tam
374 858 434 923 din
454 858 585 921 omnent
604 854 686 937 qnod
702 855 797 936 possi
811 858 894 932 sunt,
917 854 1072 935 quamdin
1087 854 1191 918 ceum
1205 854 1321 919 obtimo
1334 854 1420 937 qnod

285 962 435 1043 fecerunt,
474 962 494 1024 i.
518 978 543 1025 e.
567 976 617 1024 eos
639 959 788 1023 memoria
810 957 1019 1039 periculorum
1041 957 1154 1039 quibus
1176 955 1319 1023 defuncti
1341 961 1420 1023 sunt

287 1066 466 1145 comitatum
497 1064 570 1145 396,
593 1063 634 1127 21
659 1059 825 1142 expendite
846 1060 977 1143 lepentes
997 1078 1078 1141 qnae
1099 1058 1151 1123 110
1171 1058 1312 1143 depelle,
1335 1081 1420 1141 price

287 1172 442 1234 tormenta
464 1188 512 1232 me
539 1166 731 1245 manserint,
766 1168 803 1227 nt
829 1162 1058 1244 suppliciomm
1085 1164 1303 1243 proesmtinm
1332 1170 1416 1229 metu

286 1271 442 1356 petennce
466 1289 587 1351 porum
615 1272 801 1350 erpeterern,
828 1266 882 1332 ubi
910 1265 1068 1331 sententia
1094 1266 1220 1349 quidem
1241 1271 1327 1333 recte
1348 1288 1419 1351 per·

288 1378 377 1457 cepta
399 1374 431 1438 in
456 1373 500 1439 St.
525 1373 563 1439 V.
587 1372 620 1436 ΙΙ
643 1370 706 1435 246
728 1368 907 1433 manserint
928 1388 984 1451 pro
1005 1368 1190 1432 munderici
1206 1370 1328 1435 dictum
1349 1388 1419 1435 esse

287 1482 430 1562 opinatus
459 1496 545 1555 sum,
575 1494 646 1541 cum
668 1476 707 1540 de
729 1473 896 1539 tormentis
927 1477 995 1538 tum
1023 1472 1239 1556 praesentibus
1261 1477 1419 1559 ageretur,

287 1586 349 1649 iarn
380 1599 453 1647 uero
481 1584 548 1665 ipsa
577 1580 722 1645 manendi
745 1577 973 1662 significatione
995 1579 1025 1643 id
1048 1576 1179 1660 exprimi
1201 1580 1306 1661 patet3
1340 1578 1418 1657 408,

289 1688 327 1753 17
348 1706 426 1769 qnos
448 1686 525 1750 dnm
546 1688 652 1749 munet
673 1702 760 1762 curn,
784 1702 806 1745 a
826 1679 1035 1764 penerctitcte
1056 1681 1205 1757 nescitur,
1220 1683 1241 1745 i.
1258 1700 1285 1746 e.
1301 1681 1419 1765 quibus

287 1810 360 1856 curu
382 1790 532 1855 mandata
554 1790 611 1865 est,
636 1805 696 1851 non
726 1786 927 1851 mandabitur
960 1784 1012 1867 (ci.
1044 1784 1236 1863 1111111462,
1262 1787 1311 1850 11.
1343 1786 1420 1863 499,

289 1895 338 1959 19.
361 1894 435 1967 502,
458 1893 504 1974 4).
529 1928 569 1937 -
592 1888 666 1968 412,
690 1892 710 1953 3
737 1893 767 1953 te
793 1887 905 1953 endere
931 1888 1079 1953 continno
1105 1886 1200 1953 nollo
1225 1888 1422 1956 admetiendo

289 1995 486 2079 (diuersitate
502 1994 603 2076 codd.)
629 1992 853 2076 interpellante
873 1996 976 2075 otpote
990 1994 1134 2059 colonam
1148 2012 1242 2059 mmm
1255 1994 1422 2059 doetrinae

287 2100 395 2164 messis
423 2098 609 2180 amplificat.
647 2116 757 2180 nempe
783 2116 847 2162 una
873 2096 1015 2162 litterula
1043 2096 1159 2162 omissa
1180 2099 1342 2181 alteraque
1364 2100 1421 2165 ad-
1488 2113 1489 2154 l

287 2205 368 2269 iectu
401 2222 436 2267 er
468 2200 735 2266 nntlcdoersitcte
768 2200 909 2266 codicum
943 2199 1096 2282 scriptura
1126 2203 1220 2267 enata
1248 2206 1307 2279 est,
1341 2221 1422 2286 qnae
1488 2207 1489 2212 ’

288 2306 350 2371 nisi
384 2304 554 2371 artificiosa
587 2306 842 2389 interpretatione
875 2324 936 2370 non
972 2304 1166 2371 defendatur.
1199 2306 1239 2369 ol.
1269 2305 1344 2388 256,
1369 2310 1422 2373 11.

287 2410 360 2491 399,
384 2410 414 2475 5.
434 2408 512 2474 -O
536 2408 596 2487 13,
615 2409 655 2473 14
676 2427 784 2472 crenus
806 2409 911 2490 reptat
931 2426 1035 2471 ouans
1054 2408 1163 2490 furato
1184 2408 1304 2491 (fracta
1318 2412 1420 2490 codd.)

288 2510 440 2577 toemtnris
462 2510 558 2576 metio
579 2511 684 2593 ferens
705 2510 810 2577 101113.
835 2548 875 2557 -
898 2509 922 2576 G
946 2508 1012 2587 14,
1034 2508 1097 2576 106
1120 2509 1253 2592 Spicnlo
1276 2512 1421 2597 (sinpnlu

289 2614 392 2696 codd.)
416 2613 541 2679 dimerso
572 2618 739 2679 trcsernnt
767 2612 899 2677 bractia
927 2613 1017 2678 calte.
1040 2648 1081 2660 -
1103 2612 1219 2695 014,
1247 2614 1307 2680 128
1331 2616 1422 2697 Quod

287 2736 373 2782 none
400 2717 564 2801 inpeninm
587 2720 743 2799 premunt
765 2717 921 2799 pruinae,
944 2714 1118 2781 Distendot
1145 2718 1292 2800 resource
1320 2722 1423 2801 tepore

291 2820 409 2903 (decore
432 2822 532 2890 codd.)
558 2840 701 2886 uernum.
726 2856 766 2867 -
791 2818 815 2885 C
836 2822 851 2885 l
874 2819 1218 2905 epistolamque,
1242 2823 1332 2887 cuius
1354 2823 1421 2889 loco

288 2930 382 3007 atque
414 2926 638 2999 commendaui,
671 2926 698 2989 31
726 2943 798 2989 cum
828 2924 991 2989 nrediocris
1020 2924 1231 3009 coniungitur,
1269 2944 1303 2991 se
1334 2930 1420 2991 reete

288 3029 392 3095 habet.
415 3066 457 3077 —-
479 3028 503 3095 C
525 3030 540 3093 l
564 3030 593 3106 7,
617 3030 656 3093 51
684 3028 809 3110 (Mersa,
832 3029 960 3109 corono)
988 3030 1091 3111 911011
1116 3048 1178 3110 per
1203 3033 1328 3093 ecastor
1349 3050 1422 3094 mn·

288 3150 384 3197 neres
415 3135 577 3215 (nnnnrcs
599 3131 699 3212 codd.)
725 3134 853 3214 poetas,
887 3128 981 3195 Nocte
1007 3130 1152 3212 capillos,
1181 3133 1201 3197 i.
1224 3150 1250 3197 e.
1274 3132 1422 3214 perfectis

287 3237 386 3320 poetis
410 3253 555 3300 coronam
575 3235 746 3317 praemium
763 3234 864 3299 oileus.
888 3252 963 3299 nam
977 3254 1148 3300 nnnrercre
1164 3252 1309 3300 coronam
1325 3235 1421 3299 nihili

287 3342 346 3413 est.
370 3377 409 3388 -
433 3338 457 3405 O
479 3340 494 3403 l
518 3338 547 3417 7,
571 3338 613 3404 65
647 3336 685 3402 Si
714 3356 799 3401 meos
830 3337 926 3403 nettet
952 3337 1091 3403 modicos
1123 3336 1304 3420 thyrambos
1325 3338 1420 3402 Inter

287 3442 454 3524 infantum
477 3440 607 3505 trinicle
633 3460 781 3505 murmur
803 3440 926 3506 Ponere
951 3440 1103 3524 (pendere
1125 3440 1237 3523 codd),
1267 3439 1341 3505 lans
1364 3445 1420 3505 est.

289 3582 331 3592 -
354 3544 378 3611 O
400 3546 417 3609 Ι
439 3544 469 3621 8,
493 3543 536 3609 30
558 3544 604 3609 Ar
625 3543 704 3608 milri
725 3543 890 3611 1111111111
916 3546 1141 3610 transmittunt
1156 3562 1318 3625 pmrperes
1338 3542 1423 3608 horti

289 3652 388 3713 rotro
420 3646 502 3729 qnod
536 3650 696 3729 acceptum
728 3650 808 3712 testu
835 3648 988 3730 refundat
1019 3648 1153 3729 (resciat
1181 3646 1282 3728 codd.)
1318 3644 1422 3712 10713.

288 3750 421 3815 uerbum
449 3748 616 3831 refundere
643 3752 726 3817 idem
753 3754 835 3833 quod
863 3750 990 3818 reddere
1016 3748 1191 3833 significare
1219 3750 1362 3832 exempla
1389 3750 1423 3815 in

288 3852 352 3919 ind.
377 3872 406 3935 p.
431 3852 494 3919 702
516 3858 665 3937 congesta
686 3853 799 3919 docent
814 3856 908 3937 atque
930 3853 1027 3919 simili
1042 3852 1197 3935 Sedulius,
1220 3854 1273 3918 ubi
1288 3854 1422 3919 eandem

288 3957 476 4023 sententiam
502 3956 636 4041 profert,
664 3976 739 4022 usus
768 3960 817 4022 est
838 3956 940 4024 Germ.
963 3959 980 4023 I
1005 3958 1045 4023 15
1066 3958 1111 4022 At
1132 3976 1192 4021 nos
1212 3956 1364 4039 11191101
1385 3956 1423 4020 de
1485 4005 1486 4020 .

283 4080 428 4142 paupere
442 4060 620 4142 carpsimus
635 4058 731 4160 horto,
756 4060 872 4126 Rubra
889 4060 971 4143 qnod
984 4064 1145 4141 acceptum
1160 4062 1240 4125 testo
1254 4059 1423 4125 ministrat

288 4163 387 4229 10113.
403 4163 485 4230 -C
506 4164 523 4229 Ι
546 4164 596 4242 21,
613 4164 634 4229 9
657 4164 726 4229 Hoc
740 4168 855 4229 sancto
876 4164 1068 4247 101111οΒ)
1088 4163 1259 4247 professio.
1287 4164 1423 4246 impera·

289 4268 373 4333 tinus
403 4267 454 4332 die
484 4268 586 4333 locum
617 4266 805 4332 nonhabet.
842 4267 917 4350 quid
946 4268 1095 4349 professio
1125 4268 1180 4332 det
1210 4268 1261 4332 uel
1291 4267 1421 4349 efficiat,
