2992 4967
299 290 364 359 338
601 332 604 341 .
658 285 772 354 Magni
788 284 916 339 Felicia
932 283 1066 341 Eunndi

301 479 453 565 pudidtia
474 478 599 545 iuuenis
621 475 684 542 mei
706 476 782 559 quid
803 477 937 559 loquar?
958 476 993 541 in
1007 490 1068 559 quo
1089 476 1219 543 domum
1240 476 1304 543 sibi
1325 475 1419 540 sum·

301 584 371 651 erat
383 580 513 648 emtus
527 582 561 646 et
574 580 767 647 rontinentia
780 579 903 645 radiooe
918 577 1028 645 fixerat
1043 580 1076 644 in
1090 577 1305 663 protundum?
1324 578 1421 643 uirum

301 706 335 752 ne
358 704 426 753 osse
447 686 509 751 nisi
528 704 588 767 per
607 684 794 767 patientiam
812 681 930 749 laboris
951 682 1134 769 ignorabat:
1157 700 1284 750 mmem
1304 682 1420 759 babere,

302 790 368 855 nisi·
394 808 466 856 oum
494 792 683 855 moriturum
704 806 738 853 se
759 804 826 853 eree
848 786 1052 862 meminerat,
1082 785 1252 853 nesciebat.
1284 785 1421 868 quotiens

302 894 409 957 tomen
429 892 520 958 illum
543 909 704 975 oorporeus
727 890 897 973 adpetitus,
919 891 999 956 deut
1012 892 1062 957 ab
1083 890 1151 973 ipso
1174 890 1280 967 libid,
1303 887 1447 956 ludebnts

301 994 490 1079 imaginibus
524 997 724 1071 somniomm
758 993 832 1061 ilioo
858 994 898 1061 ad
920 991 1048 1077 uigilias
1079 996 1212 1072 eandm,
1247 994 1423 1059 maurum

302 1098 429 1176 ieiunia,
444 1100 549 1165 standi
564 1097 741 1164 diutissime
756 1097 980 1163 neomaitatem
996 1096 1091 1179 plena
1103 1097 1256 1162 auiditate
1270 1094 1421 1174 muniat

301 1204 457 1285 talemque
481 1202 626 1268 bellatrix
651 1201 780 1267 dertona
801 1200 924 1267 animae
945 1200 1010 1266 auis
1032 1198 1260 1267 certaminibus
1281 1197 1422 1265 reddebat

300 1324 437 1381 earnem,
461 1309 496 1369 ut
517 1304 567 1370 illi
589 1324 665 1388 opus
687 1307 769 1370 esset
789 1302 900 1387 posta
920 1321 976 1386 pro
998 1302 1185 1369 neoesdtate
1201 1302 1352 1369 auoourri.
1374 1320 1422 1366 nor

301 1414 406 1475 tamen
439 1408 557 1473 refeoto
585 1405 768 1490 oorpnaoulo
794 1405 982 1491 indulgebat
1009 1405 1090 1472 otio:
1126 1406 1273 1471 utebatur
1297 1405 1447 1471 lentunen

299 1530 358 1593 pro
384 1510 506 1593 requie,
538 1510 691 1577 librorum
720 1507 947 1574 uenerabilium
976 1527 1030 1592 pro
1061 1508 1289 1573 blandimentis
1312 1510 1422 1574 instro

301 1614 408 1679 menta
436 1615 616 1697 susdpiens.
656 1611 838 1679 memoriter
874 1610 973 1679 semel
1001 1614 1180 1677 transcursa
1213 1610 1368 1677 reddebat
1396 1616 1421 1675 ot

302 1735 341 1781 ne
373 1719 549 1784 crederetur
585 1714 813 1797 seripturarum
850 1714 1029 1781 diuinarum
1064 1715 1227 1780 tramitem
1261 1715 1422 1781 uerbomm

301 1821 517 1887 tautummodo
554 1818 715 1885 celeritate
752 1817 977 1896 tanauolasse,
1014 1816 1167 1903 pingebat
1202 1819 1329 1885 antibus
1364 1817 1421 1882 suis

303 1922 448 2007 paginam
471 1940 564 2003 quam
588 1919 727 2005 legisset
765 1921 793 1985 si
815 1920 967 2004 propheta
987 1920 1100 1987 munet
1120 1923 1154 1987 iu
1177 1922 1339 2000 manibus,
1359 1936 1445 2006 pro-¹⁵

303 2024 488 2107 pbetautem
510 2024 633 2093 uideres
656 2024 761 2089 oodioe
782 2024 897 2090 amisso
919 2023 1084 2091 lentorem:
1117 2026 1145 2091 si
1168 2025 1354 2091 testamenti
1374 2042 1421 2089 ue·

303 2127 380 2197 teris
402 2128 609 2195 reeensuisset
638 2129 815 2205 uolumina,
840 2128 940 2212 Moysi
969 2128 1083 2213 dignm
1107 2128 1285 2197 aemulator
1307 2128 1421 2195 innodo·

303 2234 366 2311 nat,
401 2231 506 2297 taliter
528 2250 566 2299 ao
598 2232 624 2296 si
655 2232 749 2297 illum
784 2232 981 2297 Israhelitioa
1015 2250 1070 2315 uer
1105 2233 1263 2297 lasanum
1303 2230 1421 2317 agmina

302 2336 517 2415 sequerentur:
552 2334 580 2399 si
608 2335 815 2417 apostolieum
842 2336 893 2401 lat
919 2334 1085 2401 uerborum
1107 2336 1225 2400 etmel
1253 2334 1420 2401 dominicae

301 2436 454 2519 passionis
476 2438 676 2505 seueritatem
692 2438 772 2521 legio
788 2436 936 2505 eondiens
955 2435 1111 2519 scriptura
1130 2436 1224 2503 iudex
1244 2436 1446 2513 madunt·

301 2539 448 2610 ooutinuo
470 2559 506 2606 ex
527 2559 579 2607 ore
600 2540 698 2625 ipsius
722 2540 862 2607 dnloiora
878 2539 960 2606 fanis
976 2540 1070 2607 uerba
1083 2540 1249 2608 fluxerunt.
1271 2542 1420 2621 postremo

300 2640 374 2725 quid
396 2642 469 2707 libri
490 2643 679 2721 docuissent,
705 2642 773 2711 uita
794 2641 991 2727 signabatur.

341 2764 478 2832 Domum
499 2764 607 2831 taliter
636 2765 763 2848 regebat
785 2761 951 2841 animae,
979 2764 1017 2827 ut
1037 2780 1097 2827 neo
1116 2762 1297 2845 profusione
1317 2764 1420 2829 immo

298 2868 408 2931 dueta
423 2868 753 2949 oommissam'penum
766 2866 945 2931 exhauriret
959 2883 1017 2933 neo
1031 2863 1103 2931 odia
1117 2868 1255 2931 sordenti
1269 2865 1419 2948 paruitate

301 2968 507 3034 nontraheret.
546 2970 803 3036 mtnnsssionum
824 2968 924 3040 etiam
943 2968 1208 3035 unsaramma
1229 2968 1445 3051 proludebat·

300 3088 374 3134 nam
402 3069 592 3154 ubioumque
622 3090 677 3155 pro
705 3072 853 3137 remediis
875 3072 1058 3137 miserorum
1080 3072 1218 3155 episoopi
1239 3071 1420 3138 mittebatur

299 3173 445 3255 imperio,
475 3177 565 3240 tanta
587 3175 730 3258 erigebat
751 3173 940 3241 benefitium
961 3176 1029 3239 arte
1051 3176 1265 3257 eruptionum,
1296 3179 1334 3243 ut
1353 3194 1419 3241 sen·

299 3276 394 3340 tinent
416 3275 478 3341 sibi
499 3276 534 3341 in
556 3279 658 3343 tausis
687 3276 842 3360 profuisse
872 3277 1067 3359 conplurimi
1101 3280 1205 3360 ipsum
1227 3296 1282 3361 per
1303 3298 1337 3344 se
1358 3278 1418 3361 epi·

299 3396 426 3463 neopum
456 3396 517 3445 non
546 3379 680 3447 uenisse.
719 3380 895 3465 augebatur
921 3382 1096 3475 annaeum
1119 3399 1174 3463 per
1197 3380 1263 3447 dieo
1286 3381 1417 3466 singulos

351 3656 373 3708 κ
388 3654 487 3709 donum
513 3654 539 3709 Τ
637 3654 779 3711 tlaborin
799 3654 965 3725 wantiam
984 3653 1033 3709 Pb
1135 3654 1283 3723 tquotior
1306 3652 1360 3709 TV

297 3741 316 3794 6
338 3740 402 3795 ilioo
419 3740 442 3808 (1
458 3742 573 3804 ia¹roai
590 3740 632 3807 Β,
658 3740 730 3797 illino
751 3741 802 3797 Pb
905 3741 939 3797 lo
961 3740 1067 3809 profeta
1087 3738 1146 3795 LV
1236 3739 1417 3809 ‘moiotauten

299 3826 356 3881 LV
456 3828 489 3882 16
515 3825 669 3883 uiderirB
775 3826 812 3881 20
836 3826 892 3897 legi
918 3828 946 3884 Τ
1037 3825 1119 3889 ‚indir
1145 3827 1173 3880 B
1278 3826 1313 3881 21
1339 3826 1416 3879 flum-

296 3910 422 3967 amatu
524 3912 560 3969 Ἠ
576 3913 790 4001 signabuurd',
818 3912 948 3983 signabat
961 3914 1036 3969 nou
1138 3913 1174 3969 28
1195 3912 1305 3971 eolerho
1327 3912 1355 3967 B

297 4014 535 4086 ldoomiaeaml'
623 4017 801 4073 aramum-B
874 4016 1415 4087 iomnaornmmisenmeiianr.)

301 4099 329 4155 L
429 4100 463 4154 nt
481 4094 586 4157 arceT
684 4103 720 4159 28
737 4102 1027 4173 utplurimi—ueniroe
1048 4105 1119 4159 Tin
1136 4117 1192 4157 ros.
1210 4090 1280 4158 corr.
1375 4115 1415 4169 per

298 4221 722 4292 renuntiatorisemnn
824 4224 1047 4279 mussona
1111 4196 1295 4293 .ai'gnlorB
