2992 4967
297 310 340 376 20
652 305 764 376 Magni
781 305 910 360 Felicis
928 305 1059 360 Eunodi

297 497 498 564 conscientias
520 497 641 562 nostras
664 495 769 561 naonis
782 494 924 560 sensibus
945 495 1095 560 relatione
1116 493 1217 560 laudis
1239 513 1415 561 oneremus.

295 603 369 667 sunt
391 601 445 667 ubi
466 599 548 665 bona
568 602 633 677 tua,
656 601 691 662 ut
705 601 787 680 apud
800 598 834 663 te
847 597 972 680 propter
987 597 1144 662 adieetnm
1162 599 1296 678 taoeaun,
1313 599 1414 664 amieo

294 703 516 771 conoelebrem:
545 701 579 767 in
601 701 667 781 hie,
699 702 835 784 quaeda
857 700 1000 783 profectu
1021 703 1076 766 tuo
1097 701 1209 777 sentio,
1232 701 1414 785 religiosam

292 805 352 873 tibi
368 808 491 872 tantum
506 806 600 872 debeo
616 807 871 870 taciturnitatem.
885 821 1010 888 possem
1025 803 1151 887 quidem
1168 802 1249 868 uitia
1262 806 1414 885 temporis

293 912 417 976 seentus
452 909 559 976 laudes
594 912 663 974 tuas
689 925 772 973 uuuo
798 906 981 972 inexhausta
1008 905 1235 988 praedieatione
1272 923 1444 974 reserares

292 1015 451 1079 ettotam
479 1015 625 1096 paginam
654 1010 767 1076 ineatis
799 1010 933 1075 eolorare
955 1008 1127 1074 blanditiis.
1165 1010 1221 1074 sed
1249 1009 1336 1074 absit
1357 1010 1414 1074 hoe

292 1133 310 1180 a
336 1114 509 1198 proposito,
538 1113 669 1180 facessat
698 1131 718 1178 a
746 1111 901 1191 moribus,
930 1114 966 1176 ut
993 1130 1087 1194 quem
1108 1115 1216 1177 mente
1237 1116 1329 1176 teneo
1350 1111 1414 1176 ieta

291 1225 415 1286 tantum
437 1219 534 1285 uelim
557 1237 622 1283 esse
643 1215 891 1282 remuneratione
915 1215 1104 1280 oonteutum.
1127 1214 1188 1279 tibi
1209 1232 1270 1281 uon
1292 1214 1412 1281 deleui-

291 1321 585 1400 dinumerationem,
608 1320 662 1386 sed
685 1336 794 1386 uooem
815 1319 911 1384 debeo
926 1319 1121 1403 castigantis.
1150 1333 1214 1382 nou
1234 1317 1295 1383 tibi
1318 1317 1411 1402 piatis

289 1427 453 1490 uerborum
482 1425 626 1490 inludens
654 1421 809 1501 artificiis,
845 1421 899 1487 sed
928 1423 1030 1486 totum
1057 1421 1211 1507 profunda
1238 1425 1346 1486 mente
1379 1425 1442 1488 tono

287 1529 422 1594 retinens
444 1544 565 1610 possem
588 1525 704 1592 disere:
726 1525 766 1592 ad
788 1543 890 1590 aroem
905 1525 1051 1590 scientiae
1063 1526 1132 1590 siue
1146 1527 1277 1590 tenerae
1291 1526 1409 1591 aeuus

287 1631 471 1716 praeiudicio
494 1630 671 1714 peruenisti‚
695 1647 852 1694 summam
873 1627 1072 1710 perfeetionis
1093 1627 1225 1710 adeptus
1247 1645 1296 1703 es,
1320 1629 1409 1694 nulla

287 1735 377 1800 debes
400 1749 474 1797 oura
496 1731 651 1817 distringi,
666 1731 719 1796 sed
734 1729 825 1796 bonis
840 1729 903 1796 tuis
918 1729 1078 1812 tamquam
1093 1730 1234 1813 loeuples
1247 1747 1407 1813 possessor

286 1837 396 1901 ornari.
426 1836 480 1900 sed
508 1835 599 1914 haee,
632 1835 713 1900 deut
734 1833 888 1916 praedixi,
920 1853 939 1900 a
967 1853 1018 1898 me
1051 1833 1152 1900 aliena
1176 1834 1260 1898 snut.
1298 1851 1352 1898 ore
1376 1839 1407 1899 te

284 1937 423 2022 parentis
445 1936 589 2016 stimulo,
612 1937 695 2002 dieo:
729 1937 795 2002 sint
814 1937 889 2003 lieet
914 1935 1054 2020 grandia,
1078 1952 1157 2019 quae
1181 1937 1214 2002 iu
1237 1955 1314 2002 eauo
1339 1937 1438 2003 elo-n

286 2039 426 2124 quentiae
448 2039 521 2106 flore
543 2039 706 2123 polliceris,
730 2055 787 2124 ego
804 2040 911 2104 tamen
933 2039 994 2104 niel
1009 2040 1048 2104 de
1062 2057 1163 2104 messe
1178 2057 1239 2105 non
1254 2041 1404 2124 gratulor,

284 2147 321 2208 ut
342 2142 421 2208 solet
442 2159 553 2209 auarus
582 2139 730 2227 agmoola‚
765 2143 818 2224 qui
845 2142 1023 2208 ubertatem
1051 2143 1123 2207 anui
1145 2143 1205 2207 niai
1229 2142 1262 2207 iu
1284 2142 1405 2208 horreis

285 2264 345 2310 uou
366 2247 503 2311 metitur.
525 2245 591 2310 iarn
612 2245 644 2309 in
667 2246 700 2311 te
722 2243 783 2311 etsi
797 2263 859 2310 nou
873 2243 1019 2326 grauidas
1038 2245 1159 2324 metas,
1181 2245 1283 2310 multo
1296 2247 1404 2311 tamen

282 2347 424 2414 uidemus
446 2349 526 2413 laete
548 2349 725 2432 turgentes:
754 2349 817 2414 iam
831 2366 924 2431 prope
939 2349 979 2414 ad
993 2367 1097 2413 aream
1111 2351 1188 2414 uota
1204 2350 1400 2433 perueniunt

283 2452 336 2516 sed
358 2450 428 2534 plus
451 2452 623 2550 timendum
646 2455 707 2529 est,
736 2452 877 2534 quotiens
906 2448 1054 2516 desideria
1075 2454 1179 2515 nostra
1207 2469 1275 2533 spes
1297 2453 1435 2516 nieman

283 2554 451 2620 suooendil.
473 2554 581 2622 labora
602 2573 674 2639 ergo
690 2555 773 2620 eirea
787 2555 899 2628 studia,
922 2553 1023 2618 lucem
1044 2554 1078 2618 in
1100 2553 1269 2636 oeuloquiis
1291 2553 1400 2640 dilige,

280 2655 408 2722 lentioui
430 2658 559 2723 deuotus
585 2657 708 2737 insiste,
734 2657 772 2720 ut
795 2655 914 2720 fruotm
943 2655 1139 2737 eloquentiae
1172 2655 1400 2739 multiplioium

280 2762 440 2826 auetonum
462 2759 661 2825 uentilatione
682 2762 841 2843 purgetur.
863 2757 992 2841 pulolna
1011 2762 1087 2823 suut
1108 2759 1399 2841 praescriberet

281 2879 336 2946 ego
356 2881 426 2927 anno
453 2863 524 2944 plns
546 2861 654 2926 fortia:
682 2861 828 2926 redimita
849 2863 922 2926 sunt
942 2859 1089 2939 domiue,
1122 2859 1177 2926 sed
1209 2879 1304 2943 poma
1327 2863 1398 2946 plus

280 2963 386 3047 diligo.
416 2964 512 3042 salue,
535 2965 579 3028 mi
602 2964 734 3042 domiue,
756 2966 789 3028 et
810 2964 884 3030 haee
898 2981 936 3029 ea
956 2979 1018 3046 qua
1038 2961 1195 3029 insinuaui
1216 2965 1432 3032 dueerimtese

280 3067 470 3149 conplectere
497 3067 528 3130 et
549 3081 685 3132 amorem
715 3081 820 3131 meum
840 3067 875 3130 in
902 3066 1122 3132 admonitionis
1149 3065 1209 3133 fide
1230 3071 1395 3152 perpende.

278 3165 355 3234 seito
377 3167 527 3250 epistulae
548 3169 620 3234 tuas
640 3168 721 3233 nulli
742 3168 903 3234 dootorum
924 3186 944 3233 a
963 3187 1016 3234 me
1040 3185 1109 3234 esse
1129 3171 1336 3255 denegandae,
1359 3175 1396 3238 ut

277 3270 359 3353 quod
380 3289 430 3336 me
450 3290 505 3353 per
525 3269 683 3336 inscitiam
705 3269 821 3354 fugerit
841 3288 896 3354 per
919 3289 987 3350 eos,
1017 3273 1071 3355 qui
1092 3275 1132 3339 ad
1153 3292 1289 3357 unguem
1311 3273 1394 3340 dooti

326 3492 342 3547 1
360 3507 455 3548 uanum
470 3493 536 3560 sort.
621 3507 758 3548 oneremus
770 3493 806 3558 B,
822 3493 977 3548 honoremus
990 3491 1115 3548 LPTVt
1204 3497 1222 3549 4
1239 3495 1321 3551 debeo
1334 3497 1392 3552 tau·

273 3581 333 3634 tum
354 3580 380 3634 T
469 3579 570 3648 possim
586 3579 614 3634 Β
709 3579 863 3635 eundum
887 3580 913 3633 V
993 3581 1131 3634 inexausta
1149 3580 1237 3636 BLV
1329 3583 1393 3636 (tet

273 3682 358 3736 mo
442 3680 655 3738 ummffv
733 3651 1039 3749 smhwmme
1124 3687 1323 3756 mwmn

274 3765 422 3821 lomtete
446 3765 471 3822 Τ
492 3767 596 3821 torm.
700 3769 730 3822 11
758 3769 885 3823 retinens.
911 3768 1073 3824 Possem?
1173 3771 1272 3840 possim
1293 3772 1323 3825 Β

271 3855 359 3907 unere
377 3851 460 3908 ΒΡΤ
476 3857 514 3917 (ro
530 3853 642 3907 rorata
659 3853 700 3922 T),
717 3856 810 3907 tenen
827 3853 887 3908 LV
968 3854 1001 3908 12
1018 3869 1046 3908 es
1063 3870 1113 3908 oon.
1132 3856 1167 3910 Β
1185 3856 1250 3912 odd.
1268 3863 1311 3921 νῷ
1327 3873 1351 3913 a.
1371 3857 1389 3914 l

270 3953 337 4009 mo
431 3936 631 4024 1mmmu
729 3954 1120 4023 mmmmnmum.
1218 3959 1391 4030 numm

270 4039 299 4093 Β
382 4037 414 4094 nl
433 4038 569 4125 sueoeudit
587 4041 616 4108 V,
634 4041 752 4096 emoedit
771 4041 797 4096 Τ
879 4057 941 4111 ergo
957 4059 1009 4099 osa.
1021 4043 1050 4098 P
1064 4050 1091 4100 et
1102 4044 1185 4102 Sim.
1273 4045 1308 4100 28
1324 4059 1389 4115 pnr-

270 4141 344 4212 gitur
361 4143 389 4198 Β
473 4143 507 4199 24
523 4145 583 4213 plus
596 4160 655 4199 amo
675 4145 701 4200 Τ
782 4146 816 4200 25
834 4161 914 4215 quam
934 4147 960 4200 Τ
1041 4145 1219 4216 saepienda
1235 4143 1324 4204 ’ΜΨ

269 4227 302 4283 28
318 4228 478 4284 ἱιιιοίιιιίιιιιι
496 4229 523 4284 Β
541 4245 573 4283 eu
592 4246 669 4298 orna,
689 4230 841 4286 insomnium
859 4231 884 4286 1¹
983 4233 1077 4302 fugero
1093 4232 1122 4286 Β
