<?xml version="1.0" encoding="UTF-8"?>
<!DOCTYPE html PUBLIC "-//W3C//DTD XHTML 1.0 Transitional//EN"
    "http://www.w3.org/TR/xhtml1/DTD/xhtml1-transitional.dtd">
<html xmlns="http://www.w3.org/1999/xhtml" xml:lang="en" lang="en">
 <head>
  <title>
</title>
<meta http-equiv="Content-Type" content="text/html;charset=utf-8" />
  <meta name='ocr-system' content='tesseract 3.04.00' />
  <meta name='ocr-capabilities' content='ocr_page ocr_carea ocr_par ocr_line ocrx_word'/>
</head>
<body>
  <div class='ocr_page' id='page_1' title='image "./corpusscriptoru10wissgoog/corpusscriptoru10wissgoog_0201.png"; bbox 0 0 2992 4967; ppageno 0'>
   <div class='ocr_carea' id='block_1_1' title="bbox 408 1016 883 1116">
    <p class='ocr_par' dir='ltr' id='par_1_1' title="bbox 408 1016 883 1116">
     <span class='ocr_line' id='line_1_1' title="bbox 408 1016 883 1116; baseline 0 -13"><span class='ocrx_word' id='word_1_1' title='bbox 408 1020 581 1105; x_wconf 80' lang='lat' dir='ltr'><strong>LIBER</strong></span> <span class='ocrx_word' id='word_1_2' title='bbox 615 1016 883 1116; x_wconf 80' lang='lat' dir='ltr'><strong>QVARTVS.</strong></span> 
     </span>
    </p>
   </div>
   <div class='ocr_carea' id='block_1_2' title="bbox 633 1224 661 1291">
    <p class='ocr_par' dir='ltr' id='par_1_2' title="bbox 633 1224 661 1291">
     <span class='ocr_line' id='line_1_2' title="bbox 633 1224 661 1291; baseline 0 0"><span class='ocrx_word' id='word_1_3' title='bbox 633 1224 661 1291; x_wconf 87' lang='grc' dir='ltr'>Ι.</span> 
     </span>
    </p>
   </div>
   <div class='ocr_carea' id='block_1_3' title="bbox 371 1375 921 1437">
    <p class='ocr_par' dir='ltr' id='par_1_3' title="bbox 371 1375 921 1437">
     <span class='ocr_line' id='line_1_3' title="bbox 371 1375 921 1437; baseline 0.005 -3"><span class='ocrx_word' id='word_1_4' title='bbox 371 1375 571 1434; x_wconf 71' lang='lat' dir='ltr'>sunnone</span> <span class='ocrx_word' id='word_1_5' title='bbox 587 1376 706 1433; x_wconf 68' lang='lat' dir='ltr'>Panna</span> <span class='ocrx_word' id='word_1_6' title='bbox 723 1376 921 1437; x_wconf 72' lang='lat' dir='ltr'>numanus.</span> 
     </span>
    </p>
   </div>
   <div class='ocr_carea' id='block_1_4' title="bbox 47 1498 1212 3117">
    <p class='ocr_par' dir='ltr' id='par_1_4' title="bbox 47 1498 1212 3117">
     <span class='ocr_line' id='line_1_4' title="bbox 117 1498 1210 1587; baseline 0 -18"><span class='ocrx_word' id='word_1_7' title='bbox 117 1501 202 1569; x_wconf 86' lang='lat' dir='ltr'>Boni</span> <span class='ocrx_word' id='word_1_8' title='bbox 224 1498 423 1587; x_wconf 89' lang='lat' dir='ltr'>imperatoris</span> <span class='ocrx_word' id='word_1_9' title='bbox 447 1500 494 1565; x_wconf 87' lang='lat' dir='ltr'>est</span> <span class='ocrx_word' id='word_1_10' title='bbox 516 1500 679 1583; x_wconf 82' lang='lat' dir='ltr'>probatam</span> <span class='ocrx_word' id='word_1_11' title='bbox 700 1500 732 1565; x_wconf 92' lang='lat' dir='ltr'>in</span> <span class='ocrx_word' id='word_1_12' title='bbox 756 1501 823 1567; x_wconf 80' lang='lat' dir='ltr'>anie</span> <span class='ocrx_word' id='word_1_13' title='bbox 844 1498 958 1567; x_wconf 84' lang='lat' dir='ltr'>militis</span> <span class='ocrx_word' id='word_1_14' title='bbox 979 1502 1120 1569; x_wconf 89' lang='lat' dir='ltr'>animare</span> <span class='ocrx_word' id='word_1_15' title='bbox 1141 1503 1210 1569; x_wconf 90' lang='lat' dir='ltr'>uir·</span> 
     </span>
     <span class='ocr_line' id='line_1_5' title="bbox 76 1600 1210 1687; baseline 0.001 -16"><span class='ocrx_word' id='word_1_16' title='bbox 76 1606 200 1681; x_wconf 87' lang='lat' dir='ltr'>tutem,</span> <span class='ocrx_word' id='word_1_17' title='bbox 228 1604 266 1670; x_wconf 91' lang='lat' dir='ltr'>ut</span> <span class='ocrx_word' id='word_1_18' title='bbox 288 1600 440 1669; x_wconf 80' lang='lat' dir='ltr'>fortitudo</span> <span class='ocrx_word' id='word_1_19' title='bbox 471 1602 573 1668; x_wconf 85' lang='lat' dir='ltr'>landis</span> <span class='ocrx_word' id='word_1_20' title='bbox 602 1602 727 1687; x_wconf 84' lang='lat' dir='ltr'><strong>pabulis</strong></span> <span class='ocrx_word' id='word_1_21' title='bbox 750 1604 886 1669; x_wconf 89' lang='lat' dir='ltr'>inuitata</span> <span class='ocrx_word' id='word_1_22' title='bbox 913 1604 947 1670; x_wconf 90' lang='lat' dir='ltr'>in</span> <span class='ocrx_word' id='word_1_23' title='bbox 968 1606 1112 1671; x_wconf 83' lang='lat' dir='ltr'>seeundis</span> <span class='ocrx_word' id='word_1_24' title='bbox 1134 1622 1210 1672; x_wconf 84' lang='lat' dir='ltr'>aen-</span> 
     </span>
     <span class='ocr_line' id='line_1_6' title="bbox 56 1702 1212 1795; baseline 0.002 -20"><span class='ocrx_word' id='word_1_25' title='bbox 56 1708 237 1795; x_wconf 78' lang='lat' dir='ltr'>egreasibus</span> <span class='ocrx_word' id='word_1_26' title='bbox 260 1704 400 1771; x_wconf 79' lang='lat' dir='ltr'><strong>dediscat</strong></span> <span class='ocrx_word' id='word_1_27' title='bbox 423 1704 503 1769; x_wconf 83' lang='lat' dir='ltr'>lueis</span> <span class='ocrx_word' id='word_1_28' title='bbox 526 1702 685 1772; x_wconf 75' lang='lat' dir='ltr'>affectum</span> <span class='ocrx_word' id='word_1_29' title='bbox 709 1706 798 1772; x_wconf 83' lang='lat' dir='ltr'>euius</span> <span class='ocrx_word' id='word_1_30' title='bbox 819 1708 916 1772; x_wconf 89' lang='lat' dir='ltr'>robur</span> <span class='ocrx_word' id='word_1_31' title='bbox 936 1708 1024 1775; x_wconf 84' lang='lat' dir='ltr'>dunis</span> <span class='ocrx_word' id='word_1_32' title='bbox 1045 1710 1212 1792; x_wconf 80' lang='lat' dir='ltr'>praesente</span> 
     </span>
     <span class='ocr_line' id='line_1_7' title="bbox 77 1807 1211 1895; baseline 0.002 -18"><span class='ocrx_word' id='word_1_33' title='bbox 77 1831 141 1877; x_wconf 89' lang='lat' dir='ltr'>non</span> <span class='ocrx_word' id='word_1_34' title='bbox 164 1811 331 1877; x_wconf 80' lang='lat' dir='ltr'>nutritur?</span> <span class='ocrx_word' id='word_1_35' title='bbox 361 1807 474 1892; x_wconf 89' lang='lat' dir='ltr'>quibus</span> <span class='ocrx_word' id='word_1_36' title='bbox 498 1828 531 1874; x_wconf 87' lang='lat' dir='ltr'>se</span> <span class='ocrx_word' id='word_1_37' title='bbox 554 1810 709 1895; x_wconf 82' lang='lat' dir='ltr'>denegent</span> <span class='ocrx_word' id='word_1_38' title='bbox 732 1814 828 1877; x_wconf 91' lang='lat' dir='ltr'>etiam</span> <span class='ocrx_word' id='word_1_39' title='bbox 849 1811 953 1877; x_wconf 87' lang='lat' dir='ltr'>minus</span> <span class='ocrx_word' id='word_1_40' title='bbox 974 1812 1079 1879; x_wconf 85' lang='lat' dir='ltr'>ualida</span> <span class='ocrx_word' id='word_1_41' title='bbox 1099 1810 1211 1880; x_wconf 83' lang='lat' dir='ltr'>tironis</span> 
     </span>
     <span class='ocr_line' id='line_1_8' title="bbox 76 1914 1209 2001; baseline -0.002 -18"><span class='ocrx_word' id='word_1_42' title='bbox 76 1916 223 1983; x_wconf 91' lang='lat' dir='ltr'>membra</span> <span class='ocrx_word' id='word_1_43' title='bbox 238 1914 448 1993; x_wconf 76' lang='lat' dir='ltr'>conflictibus,</span> <span class='ocrx_word' id='word_1_44' title='bbox 464 1916 586 2001; x_wconf 87' lang='lat' dir='ltr'>quando</span> <span class='ocrx_word' id='word_1_45' title='bbox 608 1918 736 1982; x_wconf 83' lang='lat' dir='ltr'>rectoris</span> <span class='ocrx_word' id='word_1_46' title='bbox 755 1915 935 1983; x_wconf 86' lang='lat' dir='ltr'>testimonio</span> <span class='ocrx_word' id='word_1_47' title='bbox 957 1914 1046 1981; x_wconf 86' lang='lat' dir='ltr'>uidet</span> <span class='ocrx_word' id='word_1_48' title='bbox 1060 1914 1124 1981; x_wconf 88' lang='lat' dir='ltr'>sibi</span> <span class='ocrx_word' id='word_1_49' title='bbox 1144 1932 1209 1982; x_wconf 85' lang='lat' dir='ltr'>nen</span> 
     </span>
     <span class='ocr_line' id='line_1_9' title="bbox 77 2018 1210 2105; baseline 0.002 -20"><span class='ocrx_word' id='word_1_50' title='bbox 77 2018 179 2105; x_wconf 87' lang='lat' dir='ltr'>perire</span> <span class='ocrx_word' id='word_1_51' title='bbox 194 2020 276 2103; x_wconf 81' lang='lat' dir='ltr'>quod</span> <span class='ocrx_word' id='word_1_52' title='bbox 291 2018 448 2102; x_wconf 78' lang='lat' dir='ltr'>gesserit?</span> <span class='ocrx_word' id='word_1_53' title='bbox 470 2018 536 2085; x_wconf 85' lang='lat' dir='ltr'>sela</span> <span class='ocrx_word' id='word_1_54' title='bbox 557 2020 611 2087; x_wconf 90' lang='lat' dir='ltr'>uia</span> <span class='ocrx_word' id='word_1_55' title='bbox 633 2020 692 2099; x_wconf 77' lang='lat' dir='ltr'>est,</span> <span class='ocrx_word' id='word_1_56' title='bbox 715 2038 778 2105; x_wconf 90' lang='lat' dir='ltr'>qna</span> <span class='ocrx_word' id='word_1_57' title='bbox 800 2021 840 2087; x_wconf 85' lang='lat' dir='ltr'>ad</span> <span class='ocrx_word' id='word_1_58' title='bbox 854 2018 1071 2104; x_wconf 85' lang='lat' dir='ltr'>proeliandum</span> <span class='ocrx_word' id='word_1_59' title='bbox 1093 2024 1210 2087; x_wconf 82' lang='lat' dir='ltr'>creseat</span> 
     </span>
     <span class='ocr_line' id='line_1_10' title="bbox 77 2120 1209 2207; baseline 0 -18"><span class='ocrx_word' id='word_1_60' title='bbox 77 2123 221 2201; x_wconf 89' lang='lat' dir='ltr'>intentio,</span> <span class='ocrx_word' id='word_1_61' title='bbox 244 2121 387 2207; x_wconf 89' lang='lat' dir='ltr'>quotiens</span> <span class='ocrx_word' id='word_1_62' title='bbox 409 2120 488 2187; x_wconf 88' lang='lat' dir='ltr'>bene</span> <span class='ocrx_word' id='word_1_63' title='bbox 511 2125 601 2207; x_wconf 85' lang='lat' dir='ltr'>gesta</span> <span class='ocrx_word' id='word_1_64' title='bbox 623 2142 686 2189; x_wconf 89' lang='lat' dir='ltr'>non</span> <span class='ocrx_word' id='word_1_65' title='bbox 707 2122 793 2189; x_wconf 83' lang='lat' dir='ltr'>delet</span> <span class='ocrx_word' id='word_1_66' title='bbox 816 2122 943 2190; x_wconf 85' lang='lat' dir='ltr'>obliuio.</span> <span class='ocrx_word' id='word_1_67' title='bbox 981 2122 1104 2188; x_wconf 90' lang='lat' dir='ltr'>utinam</span> <span class='ocrx_word' id='word_1_68' title='bbox 1126 2122 1209 2189; x_wconf 84' lang='lat' dir='ltr'>diui·</span> 
     </span>
     <span class='ocr_line' id='line_1_11' title="bbox 47 2224 1209 2309; baseline 0.003 -20"><span class='ocrx_word' id='word_1_69' title='bbox 47 2226 161 2292; x_wconf 79' lang='lat' dir='ltr'>unitas</span> <span class='ocrx_word' id='word_1_70' title='bbox 186 2226 301 2289; x_wconf 89' lang='lat' dir='ltr'>nestris</span> <span class='ocrx_word' id='word_1_71' title='bbox 324 2227 412 2291; x_wconf 89' lang='lat' dir='ltr'>mota</span> <span class='ocrx_word' id='word_1_72' title='bbox 443 2228 587 2309; x_wconf 79' lang='lat' dir='ltr'>precibus</span> <span class='ocrx_word' id='word_1_73' title='bbox 618 2224 810 2292; x_wconf 82' lang='lat' dir='ltr'>diabolinum</span> <span class='ocrx_word' id='word_1_74' title='bbox 844 2228 999 2293; x_wconf 82' lang='lat' dir='ltr'>certamen</span> <span class='ocrx_word' id='word_1_75' title='bbox 1032 2226 1209 2293; x_wconf 89' lang='lat' dir='ltr'>interimatl</span> 
     </span>
     <span class='ocr_line' id='line_1_12' title="bbox 77 2328 1210 2414; baseline 0 -20"><span class='ocrx_word' id='word_1_76' title='bbox 77 2330 202 2394; x_wconf 86' lang='lat' dir='ltr'>utinam</span> <span class='ocrx_word' id='word_1_77' title='bbox 217 2329 413 2395; x_wconf 85' lang='lat' dir='ltr'>deuotionem</span> <span class='ocrx_word' id='word_1_78' title='bbox 428 2347 531 2394; x_wconf 90' lang='lat' dir='ltr'>meam</span> <span class='ocrx_word' id='word_1_79' title='bbox 554 2331 676 2414; x_wconf 78' lang='lat' dir='ltr'>inpane</span> <span class='ocrx_word' id='word_1_80' title='bbox 698 2329 891 2408; x_wconf 76' lang='lat' dir='ltr'>manifestet,</span> <span class='ocrx_word' id='word_1_81' title='bbox 910 2330 948 2395; x_wconf 89' lang='lat' dir='ltr'>ut</span> <span class='ocrx_word' id='word_1_82' title='bbox 962 2328 1050 2394; x_wconf 86' lang='lat' dir='ltr'>auius</span> <span class='ocrx_word' id='word_1_83' title='bbox 1066 2328 1210 2395; x_wconf 84' lang='lat' dir='ltr'>studium</span> 
     </span>
     <span class='ocr_line' id='line_1_13' title="bbox 77 2429 1210 2517; baseline 0.001 -20"><span class='ocrx_word' id='word_1_84' title='bbox 77 2429 255 2517; x_wconf 78' lang='lat' dir='ltr'>resignanit</span> <span class='ocrx_word' id='word_1_85' title='bbox 277 2431 463 2514; x_wconf 84' lang='lat' dir='ltr'>aduersitas,</span> <span class='ocrx_word' id='word_1_86' title='bbox 494 2430 580 2497; x_wconf 90' lang='lat' dir='ltr'>illiue</span> <span class='ocrx_word' id='word_1_87' title='bbox 604 2434 765 2498; x_wconf 78' lang='lat' dir='ltr'>eoncordia</span> <span class='ocrx_word' id='word_1_88' title='bbox 793 2432 989 2498; x_wconf 82' lang='lat' dir='ltr'>commendet</span> <span class='ocrx_word' id='word_1_89' title='bbox 1010 2432 1210 2515; x_wconf 79' lang='lat' dir='ltr'>obsequium!</span> 
     </span>
     <span class='ocr_line' id='line_1_14' title="bbox 77 2532 1209 2618; baseline -0.001 -17"><span class='ocrx_word' id='word_1_90' title='bbox 77 2538 114 2601; x_wconf 86' lang='lat' dir='ltr'>ad</span> <span class='ocrx_word' id='word_1_91' title='bbox 136 2532 380 2601; x_wconf 77' lang='lat' dir='ltr'>Marcellianum</span> <span class='ocrx_word' id='word_1_92' title='bbox 412 2534 590 2618; x_wconf 82' lang='lat' dir='ltr'>episcopum</span> <span class='ocrx_word' id='word_1_93' title='bbox 623 2535 740 2601; x_wconf 77' lang='lat' dir='ltr'>directa</span> <span class='ocrx_word' id='word_1_94' title='bbox 773 2536 823 2600; x_wconf 89' lang='lat' dir='ltr'>est</span> <span class='ocrx_word' id='word_1_95' title='bbox 850 2554 870 2601; x_wconf 91' lang='lat' dir='ltr'>a</span> <span class='ocrx_word' id='word_1_96' title='bbox 898 2535 993 2601; x_wconf 81' lang='lat' dir='ltr'>fratre</span> <span class='ocrx_word' id='word_1_97' title='bbox 1027 2538 1131 2601; x_wconf 87' lang='lat' dir='ltr'>uestro</span> <span class='ocrx_word' id='word_1_98' title='bbox 1158 2534 1209 2600; x_wconf 91' lang='lat' dir='ltr'>in·</span> 
     </span>
     <span class='ocr_line' id='line_1_15' title="bbox 77 2636 1208 2723; baseline -0.001 -19"><span class='ocrx_word' id='word_1_99' title='bbox 77 2638 199 2705; x_wconf 80' lang='lat' dir='ltr'>structa</span> <span class='ocrx_word' id='word_1_100' title='bbox 214 2638 346 2723; x_wconf 84' lang='lat' dir='ltr'>legatio:</span> <span class='ocrx_word' id='word_1_101' title='bbox 362 2638 416 2703; x_wconf 88' lang='lat' dir='ltr'>sed</span> <span class='ocrx_word' id='word_1_102' title='bbox 432 2637 507 2721; x_wconf 81' lang='lat' dir='ltr'>quid</span> <span class='ocrx_word' id='word_1_103' title='bbox 523 2636 713 2721; x_wconf 86' lang='lat' dir='ltr'>promouerit</span> <span class='ocrx_word' id='word_1_104' title='bbox 727 2638 795 2719; x_wconf 89' lang='lat' dir='ltr'>ipse</span> <span class='ocrx_word' id='word_1_105' title='bbox 809 2638 978 2720; x_wconf 82' lang='lat' dir='ltr'>rescripsit.</span> <span class='ocrx_word' id='word_1_106' title='bbox 1001 2639 1082 2721; x_wconf 86' lang='lat' dir='ltr'>quod</span> <span class='ocrx_word' id='word_1_107' title='bbox 1097 2639 1208 2717; x_wconf 86' lang='lat' dir='ltr'>restat,</span> 
     </span>
     <span class='ocr_line' id='line_1_16' title="bbox 48 2738 1210 2825; baseline 0 -20"><span class='ocrx_word' id='word_1_108' title='bbox 48 2740 229 2824; x_wconf 80' lang='lat' dir='ltr'>spernentis</span> <span class='ocrx_word' id='word_1_109' title='bbox 258 2739 457 2806; x_wconf 72' lang='lat' dir='ltr'>salutationis</span> <span class='ocrx_word' id='word_1_110' title='bbox 478 2757 586 2824; x_wconf 88' lang='lat' dir='ltr'>precor</span> <span class='ocrx_word' id='word_1_111' title='bbox 608 2738 731 2820; x_wconf 76' lang='lat' dir='ltr'>offitiis,</span> <span class='ocrx_word' id='word_1_112' title='bbox 765 2744 802 2806; x_wconf 95' lang='lat' dir='ltr'>ut</span> <span class='ocrx_word' id='word_1_113' title='bbox 824 2739 971 2825; x_wconf 88' lang='lat' dir='ltr'>quiequid</span> <span class='ocrx_word' id='word_1_114' title='bbox 1001 2758 1132 2825; x_wconf 79' lang='lat' dir='ltr'>aegrum</span> <span class='ocrx_word' id='word_1_115' title='bbox 1159 2742 1210 2805; x_wconf 90' lang='lat' dir='ltr'>est</span> 
     </span>
     <span class='ocr_line' id='line_1_17' title="bbox 78 2842 1206 2911; baseline 0 -2"><span class='ocrx_word' id='word_1_116' title='bbox 78 2843 203 2910; x_wconf 88' lang='lat' dir='ltr'>medina</span> <span class='ocrx_word' id='word_1_117' title='bbox 226 2842 365 2909; x_wconf 90' lang='lat' dir='ltr'>oratione</span> <span class='ocrx_word' id='word_1_118' title='bbox 387 2843 503 2909; x_wconf 86' lang='lat' dir='ltr'>auratis</span> <span class='ocrx_word' id='word_1_119' title='bbox 526 2846 558 2909; x_wconf 90' lang='lat' dir='ltr'>et</span> <span class='ocrx_word' id='word_1_120' title='bbox 578 2844 662 2909; x_wconf 87' lang='lat' dir='ltr'>inter</span> <span class='ocrx_word' id='word_1_121' title='bbox 683 2843 855 2911; x_wconf 90' lang='lat' dir='ltr'>latentium</span> <span class='ocrx_word' id='word_1_122' title='bbox 882 2845 1004 2910; x_wconf 86' lang='lat' dir='ltr'>senreta</span> <span class='ocrx_word' id='word_1_123' title='bbox 1025 2842 1206 2909; x_wconf 89' lang='lat' dir='ltr'>morborum</span> 
     </span>
     <span class='ocr_line' id='line_1_18' title="bbox 79 2944 1209 3031; baseline 0 -19"><span class='ocrx_word' id='word_1_124' title='bbox 79 2946 133 3030; x_wconf 88' lang='lat' dir='ltr'>qui</span> <span class='ocrx_word' id='word_1_125' title='bbox 156 2946 192 3013; x_wconf 94' lang='lat' dir='ltr'>in</span> <span class='ocrx_word' id='word_1_126' title='bbox 213 2944 390 3029; x_wconf 74' lang='lat' dir='ltr'>generalem</span> <span class='ocrx_word' id='word_1_127' title='bbox 419 2964 527 3013; x_wconf 80' lang='lat' dir='ltr'>nesam</span> <span class='ocrx_word' id='word_1_128' title='bbox 553 2950 697 3015; x_wconf 86' lang='lat' dir='ltr'>seruatur</span> <span class='ocrx_word' id='word_1_129' title='bbox 724 2946 808 3013; x_wconf 86' lang='lat' dir='ltr'>ferro</span> <span class='ocrx_word' id='word_1_130' title='bbox 829 2946 965 3031; x_wconf 89' lang='lat' dir='ltr'>spiritali</span> <span class='ocrx_word' id='word_1_131' title='bbox 992 2948 1135 3014; x_wconf 67' lang='lat' dir='ltr'>manetis</span> <span class='ocrx_word' id='word_1_132' title='bbox 1157 2964 1209 3012; x_wconf 86' lang='lat' dir='ltr'>er·</span> 
     </span>
     <span class='ocr_line' id='line_1_19' title="bbox 79 3049 298 3117; baseline -0.009 -2"><span class='ocrx_word' id='word_1_133' title='bbox 79 3068 195 3117; x_wconf 86' lang='lat' dir='ltr'>rerem.</span> <span class='ocrx_word' id='word_1_134' title='bbox 217 3049 298 3115; x_wconf 87' lang='lat' dir='ltr'>nale.</span> 
     </span>
    </p>
   </div>
   <div class='ocr_carea' id='block_1_5' title="bbox 48 3203 827 3425">
    <p class='ocr_par' dir='ltr' id='par_1_5' title="bbox 48 3203 827 3425">
     <span class='ocr_line' id='line_1_20' title="bbox 558 3203 667 3270; baseline 0 0"><span class='ocrx_word' id='word_1_135' title='bbox 558 3220 568 3231; x_wconf 90' lang='lat'><em>·</em></span> <span class='ocrx_word' id='word_1_136' title='bbox 625 3203 667 3270; x_wconf 88' lang='lat' dir='ltr'>H.</span> 
     </span>
     <span class='ocr_line' id='line_1_21' title="bbox 48 3358 827 3425; baseline 0.003 -8"><span class='ocrx_word' id='word_1_137' title='bbox 48 3386 71 3425; x_wconf 66' lang='grc' dir='ltr'><strong><em>ω</em></strong></span> <span class='ocrx_word' id='word_1_138' title='bbox 461 3358 649 3417; x_wconf 66' lang='lat' dir='ltr'>marouwa</span> <span class='ocrx_word' id='word_1_139' title='bbox 668 3358 827 3419; x_wconf 78' lang='lat' dir='ltr'>AHOONL</span> 
     </span>
    </p>
   </div>
   <div class='ocr_carea' id='block_1_6' title="bbox 78 3479 1207 3669">
    <p class='ocr_par' dir='ltr' id='par_1_6' title="bbox 78 3479 1207 3669">
     <span class='ocr_line' id='line_1_22' title="bbox 122 3479 1207 3581; baseline -0.001 -33"><span class='ocrx_word' id='word_1_140' title='bbox 122 3481 319 3551; x_wconf 77' lang='lat' dir='ltr'>Venerabilis</span> <span class='ocrx_word' id='word_1_141' title='bbox 331 3482 504 3581; x_wconf 15' lang='lat' dir='ltr'>&#39;Amantius</span> <span class='ocrx_word' id='word_1_142' title='bbox 525 3480 690 3567; x_wconf 80' lang='lat' dir='ltr'>presbyter</span> <span class='ocrx_word' id='word_1_143' title='bbox 711 3484 789 3549; x_wconf 85' lang='lat' dir='ltr'>dum</span> <span class='ocrx_word' id='word_1_144' title='bbox 810 3482 851 3549; x_wconf 85' lang='lat' dir='ltr'>ad</span> <span class='ocrx_word' id='word_1_145' title='bbox 871 3499 928 3551; x_wconf 84' lang='lat' dir='ltr'>aes</span> <span class='ocrx_word' id='word_1_146' title='bbox 949 3481 1079 3567; x_wconf 77' lang='lat' dir='ltr'>paginas</span> <span class='ocrx_word' id='word_1_147' title='bbox 1101 3479 1207 3565; x_wconf 82' lang='lat' dir='ltr'>exigit,</span> 
     </span>
     <span class='ocr_line' id='line_1_23' title="bbox 78 3584 1207 3669; baseline -0.001 -18"><span class='ocrx_word' id='word_1_148' title='bbox 78 3604 146 3651; x_wconf 89' lang='lat' dir='ltr'>rem</span> <span class='ocrx_word' id='word_1_149' title='bbox 168 3584 343 3652; x_wconf 87' lang='lat' dir='ltr'>deuotionis</span> <span class='ocrx_word' id='word_1_150' title='bbox 369 3603 458 3652; x_wconf 87' lang='lat' dir='ltr'>meae</span> <span class='ocrx_word' id='word_1_151' title='bbox 486 3584 537 3653; x_wconf 90' lang='lat' dir='ltr'>sui</span> <span class='ocrx_word' id='word_1_152' title='bbox 558 3604 626 3653; x_wconf 90' lang='lat' dir='ltr'>esse</span> <span class='ocrx_word' id='word_1_153' title='bbox 654 3585 732 3653; x_wconf 84' lang='lat' dir='ltr'>feeit</span> <span class='ocrx_word' id='word_1_154' title='bbox 753 3585 888 3669; x_wconf 89' lang='lat' dir='ltr'>imperii.</span> <span class='ocrx_word' id='word_1_155' title='bbox 928 3584 1003 3652; x_wconf 86' lang='lat' dir='ltr'>felix</span> <span class='ocrx_word' id='word_1_156' title='bbox 1029 3585 1207 3664; x_wconf 77' lang='lat' dir='ltr'>nenessitas,</span> 
     </span>
    </p>
   </div>
   <div class='ocr_carea' id='block_1_7' title="bbox 78 3819 1207 4150">
    <p class='ocr_par' dir='ltr' id='par_1_7' title="bbox 78 3819 1207 4150">
     <span class='ocr_line' id='line_1_24' title="bbox 129 3819 1140 3893; baseline -0.002 -14"><span class='ocrx_word' id='word_1_157' title='bbox 129 3824 152 3880; x_wconf 91' lang='lat'>1.</span> <span class='ocrx_word' id='word_1_158' title='bbox 187 3822 342 3877; x_wconf 76' lang='lat' dir='ltr'>asinaeus</span> <span class='ocrx_word' id='word_1_159' title='bbox 363 3822 394 3889; x_wconf 86' lang='lat' dir='ltr'>T,</span> <span class='ocrx_word' id='word_1_160' title='bbox 422 3822 569 3877; x_wconf 76' lang='lat' dir='ltr'>simmacho</span> <span class='ocrx_word' id='word_1_161' title='bbox 585 3820 614 3877; x_wconf 88' lang='grc' dir='ltr'><strong><em>Β</em></strong></span> <span class='ocrx_word' id='word_1_162' title='bbox 713 3836 781 3893; x_wconf 85' lang='lat' dir='ltr'>pape</span> <span class='ocrx_word' id='word_1_163' title='bbox 800 3824 827 3875; x_wconf 75' lang='grc' dir='ltr'><em>Τ</em></span> <span class='ocrx_word' id='word_1_164' title='bbox 925 3819 1039 3876; x_wconf 76' lang='lat' dir='ltr'>treber</span> <span class='ocrx_word' id='word_1_165' title='bbox 1056 3820 1140 3877; x_wconf 72' lang='lat' dir='ltr'>BLV</span> 
     </span>
     <span class='ocr_line' id='line_1_25' title="bbox 79 3906 1207 3980; baseline -0.003 -14"><span class='ocrx_word' id='word_1_166' title='bbox 79 3908 203 3980; x_wconf 75' lang='lat' dir='ltr'>preconio</span> <span class='ocrx_word' id='word_1_167' title='bbox 222 3908 250 3965; x_wconf 94' lang='grc' dir='ltr'><strong><em>Β</em></strong></span> <span class='ocrx_word' id='word_1_168' title='bbox 351 3909 489 3979; x_wconf 72' lang='lat' dir='ltr'>ityronis</span> <span class='ocrx_word' id='word_1_169' title='bbox 506 3908 592 3966; x_wconf 83' lang='lat' dir='ltr'>LPV</span> <span class='ocrx_word' id='word_1_170' title='bbox 690 3909 788 3979; x_wconf 88' lang='lat' dir='ltr'>8qua]</span> <span class='ocrx_word' id='word_1_171' title='bbox 806 3910 853 3979; x_wconf 87' lang='lat' dir='ltr'>qni</span> <span class='ocrx_word' id='word_1_172' title='bbox 872 3908 900 3965; x_wconf 79' lang='lat' dir='ltr'><strong><em>L</em></strong></span> <span class='ocrx_word' id='word_1_173' title='bbox 996 3908 1155 3978; x_wconf 77' lang='lat' dir='ltr'>poliendum</span> <span class='ocrx_word' id='word_1_174' title='bbox 1170 3906 1207 3974; x_wconf 75' lang='grc' dir='ltr'>Β,</span> 
     </span>
     <span class='ocr_line' id='line_1_26' title="bbox 78 3994 1141 4066; baseline 0 -16"><span class='ocrx_word' id='word_1_175' title='bbox 78 3996 247 4066; x_wconf 83' lang='lat' dir='ltr'>preliandum</span> <span class='ocrx_word' id='word_1_176' title='bbox 265 3994 293 4049; x_wconf 91' lang='grc' dir='ltr'><strong><em>Β</em></strong></span> <span class='ocrx_word' id='word_1_177' title='bbox 394 3994 508 4050; x_wconf 83' lang='lat' dir='ltr'>9debet</span> <span class='ocrx_word' id='word_1_178' title='bbox 525 3996 553 4051; x_wconf 83' lang='lat' dir='ltr'><strong><em>L</em></strong></span> <span class='ocrx_word' id='word_1_179' title='bbox 660 3994 1095 4063; x_wconf 59' lang='lat' dir='ltr'>mammaemammal</span> <span class='ocrx_word' id='word_1_180' title='bbox 1113 3994 1141 4050; x_wconf 74' lang='lat' dir='ltr'>l*</span> 
     </span>
     <span class='ocr_line' id='line_1_27' title="bbox 78 4076 1206 4150; baseline -0.001 -15"><span class='ocrx_word' id='word_1_181' title='bbox 78 4082 112 4135; x_wconf 82' lang='lat'>13</span> <span class='ocrx_word' id='word_1_182' title='bbox 129 4078 317 4135; x_wconf 72' lang='lat' dir='ltr'>marcellinum</span> <span class='ocrx_word' id='word_1_183' title='bbox 332 4076 379 4134; x_wconf 78' lang='lat' dir='ltr'>Pe</span> <span class='ocrx_word' id='word_1_184' title='bbox 484 4078 517 4133; x_wconf 87' lang='lat'>14</span> <span class='ocrx_word' id='word_1_185' title='bbox 534 4078 604 4148; x_wconf 86' lang='lat' dir='ltr'>qued</span> <span class='ocrx_word' id='word_1_186' title='bbox 621 4078 660 4133; x_wconf 70' lang='grc' dir='ltr'><em>Π</em></span> <span class='ocrx_word' id='word_1_187' title='bbox 764 4078 797 4134; x_wconf 77' lang='grc'>16</span> <span class='ocrx_word' id='word_1_188' title='bbox 813 4076 945 4150; x_wconf 84' lang='lat' dir='ltr'>quidquid</span> <span class='ocrx_word' id='word_1_189' title='bbox 961 4078 1018 4135; x_wconf 84' lang='lat' dir='ltr'>BL</span> <span class='ocrx_word' id='word_1_190' title='bbox 1112 4094 1206 4150; x_wconf 69' lang='lat' dir='ltr'>agrum</span> 
     </span>
    </p>
   </div>
   <div class='ocr_carea' id='block_1_8' title="bbox 80 4163 722 4353">
    <p class='ocr_par' dir='ltr' id='par_1_8' title="bbox 80 4163 722 4353">
     <span class='ocr_line' id='line_1_28' title="bbox 80 4163 722 4252; baseline -0.002 -14"><span class='ocrx_word' id='word_1_191' title='bbox 80 4183 107 4238; x_wconf 84' lang='lat' dir='ltr'>a</span> <span class='ocrx_word' id='word_1_192' title='bbox 210 4163 395 4252; x_wconf 63' lang='lat' dir='ltr'>rnsffu‘ann</span> <span class='ocrx_word' id='word_1_193' title='bbox 497 4182 722 4239; x_wconf 64' lang='lat' dir='ltr'>suumn</span> 
     </span>
     <span class='ocr_line' id='line_1_29' title="bbox 128 4284 668 4353; baseline -0.006 -8"><span class='ocrx_word' id='word_1_194' title='bbox 128 4288 168 4345; x_wconf 91' lang='lat' dir='ltr'>n.</span> <span class='ocrx_word' id='word_1_195' title='bbox 202 4286 235 4343; x_wconf 82' lang='lat'>21</span> <span class='ocrx_word' id='word_1_196' title='bbox 255 4284 385 4353; x_wconf 70' lang='lat' dir='ltr'>aegrae</span> <span class='ocrx_word' id='word_1_197' title='bbox 488 4286 524 4341; x_wconf 83' lang='lat' dir='ltr'>aa</span> <span class='ocrx_word' id='word_1_198' title='bbox 539 4284 609 4342; x_wconf 73' lang='lat' dir='ltr'>nra</span> <span class='ocrx_word' id='word_1_199' title='bbox 629 4285 668 4341; x_wconf 69' lang='grc' dir='ltr'><em>υ</em></span> 
     </span>
    </p>
   </div>
   <div class='ocr_carea' id='block_1_9' title="bbox 128 4388 1102 4449">
    <p class='ocr_par' dir='ltr' id='par_1_9' title="bbox 128 4388 1102 4449">
     <span class='ocr_line' id='line_1_30' title="bbox 128 4388 1102 4449; baseline -0.006 0"><span class='ocrx_word' id='word_1_200' title='bbox 128 4392 178 4449; x_wconf 76' lang='lat' dir='ltr'>VI.</span> <span class='ocrx_word' id='word_1_201' title='bbox 1085 4388 1102 4443; x_wconf 84' lang='lat' dir='ltr'>‘l</span> 
     </span>
    </p>
   </div>
   <div class='ocr_carea' id='block_1_10' title="bbox 0 0 1500 4967">
    <p class='ocr_par' dir='ltr' id='par_1_10' title="bbox 0 0 1500 4967">
     <span class='ocr_line' id='line_1_31' title="bbox 0 0 1500 4967; baseline 0 3"><span class='ocrx_word' id='word_1_202' title='bbox 0 0 1500 4967; x_wconf 95' lang='lat' dir='ltr'> </span> 
     </span>
    </p>
   </div>
  </div>
 </body>
</html>
