2992 4967
274 324 341 391 145
631 317 747 387 Magni
766 316 893 373 Felicis
911 316 1041 374 Ennodi

274 514 426 595 superest,
450 528 562 595 quaeso
584 513 620 575 ut
641 511 744 577 status
766 509 850 575 circa
870 524 922 573 ms
942 506 1063 591 gratiae
1086 507 1224 583 uectae,
1254 506 1403 589 quamuis

274 616 320 683 sit
342 614 552 697 plenissimus,
576 612 676 677 adhuc
697 613 805 677 amen
825 611 961 695 recipere
982 613 1113 696 cogatur
1134 613 1314 695 augmenta

781 764 897 830 XXVI.

651 882 809 939 acaprio
832 882 1024 938 ENNODIVS.

320 990 478 1057 Resistuut
501 992 628 1073 peccata
657 968 816 1055 desideriis
839 988 872 1053 et
901 990 938 1052 ut
963 987 1146 1053 meritorum
1169 986 1270 1051 status
1300 983 1438 1049 doliu-s

275 1089 443 1177 queuthus
465 1094 654 1173 innotescat,
686 1113 704 1157 a
732 1092 888 1158 labiorum
910 1091 1110 1174 proximitate
1141 1090 1246 1173 cupita
1275 1090 1404 1153 subtra-

275 1198 399 1263 huntur.
424 1196 525 1261 acrius
549 1196 701 1279 adfligunt
724 1192 844 1274 oblata,
868 1213 939 1259 cum
961 1196 1107 1278 pereunt:
1133 1192 1236 1275 potior
1250 1193 1320 1256 sitis
1343 1196 1404 1268 est,

275 1320 371 1384 quam
393 1302 547 1365 undarum
570 1302 681 1383 gustus
704 1301 884 1382 exaggerat:
909 1315 969 1362 non
991 1298 1087 1362 urunt
1102 1296 1284 1360 memoriam
1298 1295 1406 1377 prima

276 1402 378 1468 fronte
401 1404 517 1486 negata
532 1400 694 1465 beneficia:
719 1401 789 1483 quis
805 1400 885 1465 ierat
900 1400 1054 1483 ingestam
1072 1397 1168 1464 oculis
1183 1414 1281 1479 aequo
1295 1398 1406 1462 animo

276 1524 308 1569 se
330 1504 499 1586 perdidisse
522 1502 741 1569 dulcedinem?
779 1504 834 1567 sed
856 1510 938 1567 recte
959 1505 1020 1569 ista
1042 1502 1082 1567 ad
1103 1520 1269 1585 supernam
1291 1499 1439 1567 remit-ro

273 1612 386 1675 tuntur
407 1608 646 1691 prouidentiam,
670 1625 730 1689 qua
750 1607 891 1673 caelestis
914 1607 1103 1689 dispensatio
1124 1603 1266 1689 mysterii
1287 1602 1406 1669 idcirco

275 1713 418 1777 humanis
441 1709 694 1793 dispositionibus
716 1728 826 1774 manus
855 1711 997 1792 opponit,
1031 1710 1068 1773 ut
1089 1712 1235 1774 uotorum
1261 1709 1406 1789 praestet

275 1814 430 1880 effectum.
464 1815 590 1879 sanctus
613 1814 703 1896 pater
724 1817 830 1879 uester
851 1813 985 1878 libenter
1006 1831 1039 1877 se
1068 1814 1244 1895 pariturum
1270 1810 1407 1875 iussioni

276 1916 501 2000 magnitudinis
523 1920 643 1981 nestrae
666 1916 771 1981 fuerat
791 1920 830 1983 de
852 1934 924 1981 mea
945 1915 1121 1981 occursione
1147 1915 1323 1997 pollicitus,
1346 1914 1406 1979 scd

273 2017 414 2083 animum
438 2020 503 2083 eius
519 2019 553 2083 in
568 2018 728 2083 diuersam
750 2023 871 2101 partem
886 2036 941 2100 pro
963 2018 1115 2097 utilitate,
1138 2018 1291 2100 quantum
1315 2016 1437 2091 dicits

275 2122 423 2187 ecclesiae
444 2120 698 2204 superuenientia
718 2140 847 2205 rapuere
869 2121 1011 2200 consilia,
1034 2121 1118 2188 sicut
1135 2119 1270 2203 praelati
1285 2118 1406 2203 pagina

275 2225 317 2289 ad
338 2242 394 2291 uos
416 2224 534 2291 directa
556 2225 736 2291 declarauit.
782 2224 993 2307 praestolatur
1022 2227 1128 2289 tamen
1155 2242 1248 2305 super
1278 2224 1406 2305 negotio

275 2328 436 2409 deSIgnato
459 2328 686 2411 magnitudinis
708 2332 830 2393 uestrae
853 2329 988 2393 secunda
1010 2328 1189 2409 conloquia,
1218 2345 1278 2411 quo
1300 2325 1405 2391 mani·

277 2428 385 2494 lestirus
407 2430 439 2495 in
463 2430 569 2495 fratris
592 2432 689 2497 uestri
712 2422 821 2497 Fausti
843 2431 967 2516 patritii
989 2431 1131 2498 utilitate
1144 2450 1194 2497 me
1212 2446 1280 2495 esse
1294 2448 1404 2494 neces·

276 2532 393 2597 sanium
414 2535 578 2615 reseretur,
613 2534 701 2599 cuius
727 2534 849 2619 gratiae
879 2533 958 2599 nihil
991 2535 1051 2601 sibi
1085 2535 1233 2599 aestimat
1265 2532 1437 2599 liberumee

275 2637 437 2721 denegare.
462 2636 544 2720 quod
559 2639 666 2722 restat,
690 2638 830 2721 obsequii
845 2637 907 2701 mei
922 2637 1103 2703 humilitate
1117 2640 1262 2721 suscepta
1283 2653 1404 2720 precor,

277 2741 311 2803 ut
334 2740 413 2805 caeli
436 2740 546 2825 opifer,
570 2742 622 2824 qui
647 2741 778 2805 culmini
801 2741 904 2805 uestro
926 2742 1091 2822 parcitatis
1114 2760 1201 2806 meae
1223 2758 1334 2806 curam
1356 2745 1406 2806 est

274 2842 422 2925 dignatus
444 2843 617 2929 infundere,
639 2843 705 2925 ipse
727 2861 783 2925 per
805 2862 860 2908 uos
883 2844 1037 2926 sequenda
1057 2846 1211 2926 disponat

772 2996 905 3061 XXVII.

637 3112 820 3169 EVGENIITI
842 3112 1036 3171 ENNODIVS.
1413 3140 1437 3180 25

318 3216 417 3303 Supra
428 3217 554 3284 modum
567 3238 616 3283 me
632 3218 805 3285 sollicitant
819 3221 978 3301 procurati
993 3222 1098 3286 studia
1110 3224 1266 3289 indelessa
1279 3226 1402 3293 silentii

274 3324 307 3386 et
328 3321 404 3387 licet
426 3324 547 3387 animus
569 3324 601 3387 in
625 3323 759 3388 statione
774 3325 958 3407 adpositus,
981 3325 1147 3391 contristat
1161 3330 1314 3395 sermonis
1331 3332 1404 3396 abs·

327 3509 435 3565 leatus
453 3510 489 3577 B²
590 3513 695 3567 uestrae
712 3528 764 3567 ora.
784 3512 815 3579 Τ,
915 3511 1176 3582 2cogitatan1L,
1273 3520 1405 3583 agmento

277 3612 318 3680 T„
336 3616 480 3680 augmento
497 3613 549 3679 nst
575 3601 661 3682 cnplsc
678 3614 742 3669 aad.
761 3614 799 3684 B²

327 3698 424 3752 XXVI.
454 3700 877 3770 dsubetrahuntur(pr.tcorr.)
895 3702 923 3755 B
1016 3702 1170 3771 Sexagorat
1184 3703 1210 3756 Τ
1303 3708 1334 3759 ll
1349 3724 1406 3776 qua

274 3784 382 3851 scripsi,
409 3800 477 3852 quae
495 3785 613 3851 BLI'V,
641 3787 764 3855 quoniam
783 3789 829 3842 Po
933 3788 1038 3842 celestis
1056 3787 1138 3842 ΒΝ
1239 3790 1404 3860 raptasset

275 3870 311 3931 B,
331 3874 430 3937 prestet
441 3872 501 3927 LV
582 3874 787 3943 nossessiones]
800 3874 945 3928 comotione
956 3875 972 3927 b
1063 3875 1096 3928 17
1109 3876 1293 3944 praestulatur
1304 3879 1333 3931 B

275 3972 309 4025 re
327 3974 411 4026 erese
430 3989 479 4031 oe
500 3976 526 4029 n
625 3977 722 4045 pectre
739 3976 768 4030 n
868 3976 984 4031 sunau
1001 3978 1029 4033 n
1130 3978 1163 4033 ar
1182 3950 1280 4049 usius
1297 3980 1333 4047 n,
1358 3983 1403 4036 re-

275 4056 463 4125 rogareSiroa
550 4062 697 4128 praecorB
740 4102 743 4112 ,
791 4060 966 4117 acernum
980 4062 1061 4120 Sim.
1149 4068 1254 4119 naahas
1266 4065 1350 4123 Sim.

291 4214 293 4221 Α
326 4142 440 4199 XXVII.
476 4144 509 4199 25
536 4146 707 4219 eugenitiB
816 4148 850 4201 26
875 4150 1041 4217 procuratori
1068 4149 1095 4205 L
1196 4151 1230 4205 27
1256 4154 1405 4208 contristat

276 4232 366 4285 tamen
385 4231 430 4285 Po
450 4234 491 4299 <tn
510 4232 574 4287 Pa
594 4232 622 4301 l.)
