2992 4967
461 352 697 423 Epistularum
722 352 810 407 liber
828 351 876 409 VI.
1149 359 1153 366 ’
1169 356 1228 420 161

102 543 205 608 mulos
228 542 355 608 adficiat
374 542 513 607 omnium
529 540 626 609 oculis
649 546 681 606 et
696 542 854 608 mentibus
873 540 1028 607 exhibere.
1053 543 1229 609 tutantem

102 648 163 712 deo
186 646 289 713 medio
313 650 460 713 aduersus
482 666 604 713 omnem
622 664 701 730 quae
722 664 761 711 ex
776 646 895 712 inuidia
915 646 1054 713 nascitur
1077 648 1230 730 inpugna·

102 752 225 819 tionem
253 752 377 817 firmam
411 752 560 833 promitte
594 754 626 817 et
659 752 916 818 indemutabilem
948 752 1131 817 seruandam
1165 768 1232 817 esse

102 855 327 921 constantiam.
352 856 496 937 quodroa
517 855 599 934 nale,
623 854 669 919 mi
692 853 829 932 domina,
848 855 885 919 et
904 852 994 919 breui
1007 872 1065 937 pro
1087 854 1230 919 maximis

76 958 320 1025 eadmoniticns
340 959 497 1035 contenta,
527 958 601 1040 qnia
629 974 687 1023 nec
715 957 890 1041 epistolaris
917 956 1112 1023 concinnatio
1141 957 1232 1039 plura

101 1062 228 1143 patitur
249 1080 305 1127 nee
326 1062 407 1126 ratio
436 1061 642 1144 penetralium
661 1062 787 1146 paginis
809 1060 923 1125 debere
945 1060 1117 1139 committi,
1140 1060 1167 1124 si
1189 1062 1230 1126 ad

102 1164 183 1229 haec
206 1182 284 1247 qnae
307 1164 445 1230 indicata
468 1168 542 1229 sunt
564 1169 637 1230 uoto
653 1166 686 1231 et
699 1166 760 1231 fide
776 1165 952 1247 respondes,
974 1166 1117 1249 propriae
1131 1164 1228 1247 scrip

102 1267 202 1333 tionis
224 1269 402 1333 testimonio
425 1266 579 1350 pollicere.

629 1474 706 1539 1111.

62 1628 89 1667 ro
218 1602 219 1609 ἵ
488 1609 626 1667 Favsro
653 1610 847 1667 Ennomus,

146 1732 221 1801 Non
248 1734 377 1819 scripsi,
410 1738 446 1801 nt
477 1753 581 1803 amaro
611 1733 876 1801 incommoditatis
910 1752 999 1801 meae
1030 1732 1146 1800 indicio
1173 1752 1230 1801 nos

100 1856 285 1925 grauarem,
317 1838 371 1903 ssd
400 1838 436 1903 nt
465 1838 708 1905 sollicitudinem
737 1838 890 1917 uestram,
923 1840 1076 1921 quatenns
1105 1838 1230 1905 insistat

102 1940 310 2025 orationibus,
335 1940 544 2007 conuenirem.
567 1941 650 2007 male
669 1940 775 2005 oculos
799 1959 885 2008 meos
900 1943 974 2009 ante
988 1945 1131 2026 receptae
1150 1943 1231 2010 uali-

101 2043 224 2110 tudinis
246 2042 458 2109 substantiam
480 2043 634 2127 inpositus
657 2044 745 2109 labor
772 2044 908 2128 accepit:
939 2063 1030 2110 omna
1061 2064 1081 2110 a
1101 2064 1153 2115 me
1174 2064 1231 2111 no-

65 2148 227 2215 rabisenm
259 2146 368 2215 lumen
400 2149 562 2215 abscessit.
608 2152 658 2213 sat
692 2151 740 2213 est
772 2146 966 2231 significasse
1000 2149 1082 2231 quod
1118 2149 1231 2231 patior.

101 2252 244 2317 nmirum
269 2253 316 2316 est
344 2250 582 2337 prosperitatem
606 2269 709 2315 meam
732 2268 751 2315 a
773 2254 843 2329 deo,
873 2268 966 2333 quem
993 2249 1138 2335 precibus
1161 2250 1228 2335 pla-

102 2356 194 2435 catis,
218 2356 339 2440 erigere
361 2358 393 2419 et
415 2355 566 2421 reseranti
588 2354 769 2420 litterarum
791 2354 872 2419 fores
900 2353 1015 2421 crebris
1039 2372 1128 2436 opem
1151 2354 1231 2419 ferre

102 2458 284 2540 conloquiis.
307 2458 430 2523 domine
446 2458 501 2536 mi,
525 2456 617 2523 deum
631 2476 764 2547 'quassa
786 2458 928 2523 utillud
950 2475 968 2522 a
990 2458 1079 2524 uobis
1100 2456 1230 2524 indicari

102 2562 201 2629 faeiat
223 2562 303 2644 quod
326 2579 376 2625 me
400 2560 536 2627 delectet
564 2577 739 2643 agnoscere.

64 2792 91 2831 ao
649 2764 686 2831 V.

454 2900 662 2959 AVRliildNO
688 2898 881 2958 ENNODIVS.

148 3020 220 3089 Non
245 3026 292 3088 est
307 3022 419 3089 fidncia
433 3043 506 3090 mea
520 3024 730 3110 praecognitis
746 3024 863 3091 nudata
878 3022 1081 3089 successibus.
1104 3021 1230 3087 ualidus

103 3128 136 3193 in
160 3126 322 3191 allectione
344 3130 391 3193 est
414 3148 506 3212 quem
529 3130 632 3194 animo
655 3147 725 3193 meo
751 3126 934 3212 diligentiae
956 3146 1124 3192 memorem
1148 3124 1231 3192 iusta

103 3248 177 3295 sum
200 3229 416 3296 aestimatione
439 3228 608 3315 pollicitus.
637 3231 757 3315 gratias
779 3230 849 3311 tibi,
871 3248 1005 3312 superna
1027 3229 1229 3313 dispensatio,

67 3355 93 3397 aa
103 3352 184 3417 qnae
205 3332 351 3421 humanis
374 3334 465 3399 rebus
481 3351 698 3426 prosperorum
721 3332 858 3398 fructum
874 3334 911 3399 ds
928 3331 1127 3399 aduersitatis
1143 3350 1232 3397 occa·

103 3437 190 3503 sione
219 3434 345 3519 largiris
373 3454 430 3501 nec
464 3436 580 3520 pateris
610 3438 642 3501 in
676 3434 784 3503 ordine
814 3453 868 3502 suo
902 3433 1007 3501 tristia
1038 3452 1230 3519 permanere.

157 3706 278 3762 lmslus
294 3708 321 3763 Β
417 3708 818 3779 depistolaristoirsraa.)13
908 3708 1118 3779 tpenitralium
1135 3706 1163 3761 Β

102 3830 118 3882 r
138 3800 211 3913 §aaa
229 3830 273 3899 <ne
289 3830 322 3885 a
337 3830 405 3898 rae.)
423 3830 451 3883 a
553 3830 712 3900 raperes
729 3827 821 3884 arrn

155 3966 222 4023 1111
260 3968 290 4022 ll
311 3968 535 4025 incommendatio
552 3968 580 4022 L
683 3968 714 4023 12
727 3970 861 4037 quatenns
872 3968 924 4033 Bb,
943 3967 1070 4037 quatinus
1082 3968 1165 4026 ew

103 4052 216 4107 insistat
242 4053 303 4122 Bb,
334 4055 423 4108 instat
448 4054 530 4109 ΒΝ
639 4053 671 4108 15
695 4056 737 4107 sat
756 4053 877 4119 est-LV,
906 4056 950 4107 sat
967 4058 982 4106 o
999 4056 1032 4139 ut
1050 4054 1082 4119 T,
1106 4054 1175 4110 satis
1193 4054 1232 4118 B,

103 4156 172 4213 satis
190 4156 228 4210 sit
246 4156 261 4211 t
279 4162 305 4211 et
323 4157 350 4213 Β
367 4174 402 4213 cs.
420 4173 472 4213 ree.
490 4159 522 4213 in
539 4174 591 4229 my.
696 4158 727 4213 18
745 4157 812 4211 milri
832 4156 887 4212 BL
990 4158 1024 4213 19
1042 4155 1196 4221 delectitB

154 4274 189 4333 V.
224 4276 259 4331 is
277 4276 390 4345 largires
408 4277 436 4331 Β
538 4277 654 4332 tristitia
671 4278 698 4332 Β
