2992 4967
459 358 695 427 Epistularum
711 358 802 415 liber
819 358 867 415 Π
1162 364 1224 429 169

95 552 203 630 perat,
233 548 416 614 memoriam
439 548 637 634 obsequentis
659 549 825 635 abiecerit,
857 552 996 615 attamen
1011 550 1223 631 prouidentia

96 648 243 715 caelestis
269 650 429 717 desideriis
451 651 531 717 meis
552 670 700 736 prospera
720 654 828 719 uestra
848 670 910 719 nou
930 653 1051 736 patitur
1072 653 1224 719 occultari

95 758 131 819 et
152 755 249 819 uariis
270 754 394 821 iudiciis
417 772 594 821 successum
617 755 700 823 circa
721 772 778 821 uos
800 755 941 840 resignat
963 758 1116 841 optatum.
1143 773 1224 821 nune

96 858 208 921 tamen
230 856 354 923 animus
376 876 464 923 meus
492 876 590 941 usque
611 859 651 925 sd
674 858 731 923 hoc
754 858 950 925 deuinctione
971 860 1141 943 productus
1162 864 1222 937 est,

73 967 136 1023 sut
157 962 316 1042 proprium
345 958 385 1027 ad
412 979 467 1027 uos
496 962 661 1047 dirigerem
691 964 897 1047 perlatorem,
927 965 982 1046 qui
1007 963 1091 1029 uiuis
1112 965 1223 1046 pastus

96 1062 277 1143 aspectibus
299 1064 380 1129 bona
402 1066 440 1129 ad
463 1084 514 1131 ure
540 1066 708 1131 manifeste
729 1066 891 1150 perducat.
936 1066 1068 1144 credite,
1096 1065 1223 1149 domiai,

95 1184 214 1249 magna
237 1186 287 1231 me
310 1166 397 1231 uobis
421 1186 488 1235 esse
505 1167 695 1252 obligatione
710 1170 915 1235 constrictum
936 1187 994 1235 uec
1008 1167 1091 1234 ullas
1106 1168 1224 1251 pectori

95 1288 169 1334 meo
191 1270 285 1335 serias
307 1270 386 1351 dari,
407 1270 523 1353 quibus
545 1274 696 1337 uisionem
712 1276 851 1338 uestram
866 1290 928 1337 nou
942 1270 1034 1353 plens
1051 1272 1224 1337 intentione

96 1374 280 1454 disquiram.
302 1376 452 1456 superest,
476 1378 513 1439 ut
534 1376 663 1441 reductu
685 1375 718 1439 in
740 1375 874 1441 ocetoeia
893 1373 1035 1439 Romana
1060 1373 1224 1439 concordia

58 1497 86 1537 re
95 1475 277 1541 oecumendi
290 1477 377 1543 uobis
388 1477 550 1559 contingat
561 1480 688 1545 occasio.
704 1476 828 1543 domiue
839 1477 895 1553 mi,
907 1477 1126 1543 salutationem
1139 1495 1223 1542 reue·

94 1580 217 1645 rentiae
239 1584 361 1645 uestrae
382 1580 596 1664 plenissimam
618 1580 724 1645 diesne
753 1580 912 1663 deprecor,
935 1586 971 1645 ut
992 1579 1224 1665 suggestionem

95 1681 256 1765 portitoris
280 1683 413 1749 hominis
434 1684 497 1749 mei
518 1687 607 1768 grato
629 1684 806 1767 suscipiatis
828 1685 938 1752 auditu
960 1684 992 1749 et
1013 1685 1052 1749 de
1074 1680 1224 1749 felicitate

96 1786 207 1851 uestra
221 1788 273 1851 uel
289 1788 386 1853 totius
400 1791 510 1855 domus
526 1792 612 1853 statu
634 1788 806 1855 recurrenti
820 1807 877 1853 uos
890 1786 1055 1853 instruatis
1076 1783 1223 1868 alloquio.

597 1942 725 2010 XXXV.

59 2070 87 2110 e
455 2060 641 2118 uuuonrvs
665 2062 867 2119 uouuruau.

141 2167 228 2232 Inter
249 2184 338 2232 ouras
361 2170 393 2231 et
414 2167 581 2245 molestias,
605 2168 717 2251 quibus
746 2187 802 2252 pro
825 2168 1021 2251 peccatorum
1044 2165 1126 2229 fasee
1148 2165 1222 2229 sub·

96 2270 184 2347 icior,
208 2268 286 2353 elegi
307 2270 466 2353 singulare
481 2269 664 2347 subsidium,
681 2276 717 2335 ut
733 2270 773 2335 ad
787 2288 842 2335 uos
858 2270 986 2335 domnas
1002 2286 1085 2332 meas
1100 2265 1223 2332 litteras

98 2373 299 2451 destinarem,
323 2390 453 2455 quarum
469 2370 612 2454 precibus
635 2374 740 2438 omnia
755 2372 833 2437 mihi
856 2370 989 2437 secunda
1008 2370 1225 2453 contingerent

98 2480 132 2540 et
159 2476 198 2540 ad
229 2492 338 2539 serena
366 2474 506 2541 laetitiae
536 2474 685 2557 depositis
713 2476 931 2560 angustiarum
961 2473 1096 2539 nubibus
1126 2472 1224 2537 refor-

59 2596 210 2645 acmarer.
234 2578 336 2660 primu
359 2578 442 2642 enim
465 2580 616 2643 maeroris
639 2582 813 2662 causaest,
836 2580 916 2662 quod
938 2595 1088 2661 pruspera
1109 2580 1223 2651 uestra,

99 2681 231 2745 durnin
254 2680 422 2763 longinquo
445 2681 569 2765 degitis,
593 2681 643 2745 uir
667 2681 759 2746 detur
781 2681 918 2760 agnosci,
947 2700 984 2745 ex
1005 2697 1066 2762 qua
1088 2678 1225 2743 nascitur

98 2784 185 2849 cirea
206 2801 368 2865 personam
390 2802 493 2849 meam
517 2785 618 2848 omnis
641 2785 825 2850 aduersitas.
862 2785 968 2848 adeste
998 2800 1070 2865 ergo
1092 2780 1224 2864 supplici

100 2885 242 2970 precibus
265 2887 390 2965 uestris,
419 2889 455 2951 ut
477 2906 532 2967 per
555 2891 733 2953 sanctorum
755 2888 805 2953 dei
826 2886 975 2969 suffragia
1003 2902 1095 2968 aegro
1119 2882 1223 2949 animo

97 2992 221 3055 medela
241 2990 407 3056 tribuatur.
427 2990 553 3078 domina
575 2992 629 3069 mi,
653 2991 817 3055 seruitium
833 2988 1030 3055 salutationis
1052 2988 1224 3073 inpendens

62 3097 250 3175 redeprecor
272 3098 303 3157 et
326 3110 381 3175 per
396 3092 489 3157 deum
511 3112 576 3172 uos,
599 3112 690 3177 quem
707 3093 818 3173 colitis,
842 3092 989 3169 obtestor,
1012 3097 1048 3159 ut
1070 3092 1225 3157 continuis

97 3218 149 3263 me
171 3196 432 3279 postulationibus
460 3197 493 3260 et
515 3196 670 3274 lacrimis,
700 3195 813 3279 quibus
843 3214 974 3280 regnum
1003 3196 1136 3261 caeleste
1159 3195 1225 3261 uim

97 3300 234 3383 petitur,
263 3301 387 3365 domiuo
410 3299 649 3379 commendetis,
683 3298 835 3381 quiahoc
855 3316 971 3365 munus
992 3298 1128 3381 speciale
1151 3316 1224 3363 cou-

99 3408 175 3487 pnto
199 3408 231 3467 et
253 3400 398 3468 omnibus
421 3401 590 3466 commodis
613 3403 775 3483 antepono.

201 3535 235 3591 rs
261 3536 293 3590 er.
312 3534 414 3589 uersu.
433 3537 474 3603 11,
493 3534 525 3590 ιι

149 3655 335 3724 4perductus
361 3655 408 3711 Lb
511 3658 644 3725 tpsrtns
666 3656 693 3711 L
796 3656 980 3711 6domined
1082 3656 1223 3725 8pleuaru

97 3742 113 3797 b
201 3742 234 3796 10
245 3740 347 3795 domiui
358 3740 424 3806 sort.
510 3742 549 3795 mi
561 3742 686 3797 Seterrae
699 3748 724 3797 et
737 3741 830 3807 Sim,
848 3740 916 3796 mihi
928 3740 1038 3810 BLVd,
1055 3741 1178 3796 michiT

149 3842 258 3902 XXXV.
295 3846 327 3899 15
348 3845 496 3901 dominicae
515 3846 544 3911 b,
571 3846 712 3901 domniane
733 3848 759 3902 Τ
860 3846 891 3901 17
916 3844 1035 3900 ‹1an
1135 3846 1168 3900 18
1186 3846 1227 3900 di·

99 3934 227 3987 stinarem
250 3930 278 3985 Β
382 3932 414 3986 19
437 3931 568 4001 depositis
592 3932 619 3987 Β
666 3994 672 4011 ⁸
727 3932 762 3987 20
784 3935 896 3986 meroris
917 3929 1029 3986 BLTV
1127 3931 1160 3987 21
1185 3932 1227 3986 de·

98 4020 169 4089 getis
196 4018 224 4073 Β
337 4019 441 4072 asnosci
468 4018 495 4072 Β
615 4018 649 4072 22
676 4032 767 4074 omnes
793 4018 820 4072 Β
934 4017 1227 4083 sterilescere

100 4106 124 4161 Τ
224 4102 260 4157 24
282 4103 397 4157 medella
419 4104 466 4170 13¹,
496 4103 599 4158 medelt
624 4104 651 4159 L
754 4104 823 4158 mihi
847 4103 949 4159 ano
1052 4103 1227 4158 seruitiorum

94 4194 132 4263 Β,
159 4190 304 4245 seruitisb
404 4190 445 4248 et
461 4190 554 4245 coletis
573 4190 601 4245 Β
694 4192 813 4260 optestor
831 4191 858 4245 Β
951 4190 986 4245 26
1003 4188 1227 4259 postulationibus

95 4280 123 4334 Β
227 4277 369 4332 caelestem
387 4278 426 4332 B¹
531 4274 563 4329 27
583 4292 678 4330 munos
696 4277 735 4331 Β*
