2992 4967
267 331 329 397 222
623 324 738 393 Magni
755 322 883 377 Felicis
899 319 1029 377 Ennodi

268 518 460 601 sequestrato
483 515 669 598 ponderibus
691 512 793 579 carnis
816 512 947 589 absolui,
970 513 1003 577 et
1025 510 1163 577 seruitiis
1190 507 1389 575 salutationis

268 620 402 702 acceptis
436 618 555 697 frugem
590 617 670 683 circa
703 635 753 680 me
786 616 915 700 gratiae,
949 615 1023 679 dum
1056 612 1208 679 sermonis
1235 612 1389 678 adulescit

269 723 401 800 cultura,
425 720 592 787 concedite.

765 921 893 988 XXXV.

498 1076 680 1133 ENNODIVS
699 1074 906 1132 evacuario
924 1074 1159 1130 Pausssuuuuo.
1414 1084 1429 1124 a

312 1202 498 1269 Inamabilis
520 1202 647 1285 quidem
668 1198 829 1265 desideriis
844 1200 923 1264 meis
945 1198 1096 1264 militauit
1119 1199 1239 1265 occasio
1262 1198 1296 1263 et
1310 1199 1375 1263 not'

272 1309 392 1373 aditum
415 1306 581 1371 necessitas
614 1305 666 1368 uix
702 1302 828 1367 ferenda
853 1301 1016 1383 patefecit:
1061 1300 1220 1385 amplexus
1241 1303 1393 1386 paginam

271 1407 462 1491 praefatione
486 1408 696 1473 blandientem
719 1404 860 1488 sequenti
875 1404 940 1468 eius
956 1404 1129 1470 elocutione
1145 1402 1289 1469 confusus
1310 1422 1393 1471 sum.

271 1530 342 1577 nam
359 1511 448 1576 dulce
463 1510 649 1594 principium
665 1512 696 1575 et
710 1508 811 1574 sereni
821 1507 917 1574 mella
932 1507 1086 1591 conloquii
1114 1508 1213 1573 relata
1228 1507 1394 1573 calamitae

272 1616 361 1695 quasi
383 1616 469 1679 ueste
491 1614 590 1679 noctis
624 1614 763 1679 obnubit.
807 1632 879 1677 uere
915 1610 1114 1693 loquentibus
1148 1611 1237 1677 uobis
1269 1610 1396 1697 ingesta
1404 1637 1430 1677 ιο

272 1719 346 1781 sunt
378 1720 475 1783 oeulis
509 1737 586 1800 quae
615 1719 767 1803 legebam.
813 1735 884 1782 nam
908 1715 982 1780 dum
1011 1715 1170 1781 absentiae
1208 1716 1396 1781 felicitatem

272 1820 385 1906 pagiua
402 1823 551 1904 sapientis
567 1822 742 1902 intercepit,
766 1823 890 1885 coactus
906 1838 976 1884 sum
990 1818 1080 1883 illam
1095 1818 1276 1884 Aethaliam
1299 1819 1396 1885 nimis

275 1925 388 1989 uidisse
410 1926 563 1988 terrenam
594 1924 625 1989 et
653 1942 672 1988 a
701 1922 895 1988 sublimitate
917 1922 1060 1986 uocabuli
1083 1921 1113 1985 in
1137 1922 1293 1986 tartarum
1315 1925 1396 1988 duce

274 2027 366 2108 culpa
388 2027 570 2109 depositam.
594 2028 680 2091 taceo
703 2026 778 2109 quid
800 2026 941 2090 debuerit
963 2025 1152 2108 perentibus,
1174 2025 1250 2108 quid
1271 2026 1394 2108 pudori,

274 2148 310 2195 er
332 2148 393 2211 qua
415 2131 505 2194 domo
521 2128 625 2194 infelix
640 2130 788 2210 processit
803 2132 841 2194 ad
857 2130 967 2207 scelus,
991 2130 1073 2210 quod
1089 2128 1197 2193 secuta
1211 2129 1258 2193 eet
1273 2126 1393 2194 relictis
1405 2153 1433 2195 rs

275 2233 323 2298 dei
347 2230 518 2297 cultoribus
534 2230 693 2314 lupanaris
709 2230 779 2295 uice
795 2231 983 2314 coniugium.
1001 2231 1115 2296 credite
1129 2231 1225 2296 mihi:
1242 2230 1396 2296 ultionem

275 2336 423 2411 criminis,
448 2336 521 2399 dum
545 2333 685 2400 admittit
707 2335 835 2412 crimen,
872 2338 1012 2399 exsecuta
1034 2338 1097 2413 est,
1132 2337 1163 2399 et
1184 2333 1269 2416 turpi
1292 2352 1396 2398 mersa

275 2439 475 2504 contubernio
498 2439 529 2502 et
550 2438 705 2522 flagitium
728 2442 760 2502 et
783 2456 911 2519 poenam
935 2438 1048 2520 flagitii
1070 2438 1205 2520 repperit
1222 2439 1255 2501 in
1269 2439 1394 2501 marito.

275 2561 378 2607 secum
413 2544 457 2606 rei
488 2560 649 2624 personam
683 2541 823 2624 portauit
856 2545 887 2605 et
921 2539 1032 2604 iudicis
1055 2540 1177 2623 mulier,
1201 2541 1274 2605 dum
1298 2540 1396 2625 elegit

274 2645 447 2729 indignum.
466 2642 663 2728 producerem
679 2645 809 2722 litterae,
827 2644 888 2708 nisi
902 2646 1080 2708 memoriam
1094 2644 1248 2708 infaustae
1259 2642 1432 2708 feminae„

276 2750 483 2815 desiderarem
500 2749 653 2814 obliuione
668 2748 803 2831 sepeliri.
820 2767 883 2826 uos,
901 2749 936 2811 ut
948 2746 1068 2812 Galliae
1078 2745 1255 2829 expulsione
1266 2746 1396 2811 illorum

276 2852 491 2930 sublenentur‚
527 2852 664 2934 eligitis:
703 2869 774 2929 nos,
809 2869 847 2914 ne
869 2851 962 2915 Italia
990 2851 1206 2932 coinquinetur
1237 2851 1395 2930 optamus.

276 2959 419 3038 expetant
453 2955 555 3037 potius
582 2955 711 3037 Libycas
734 2953 838 3036 Syrtes
873 2958 905 3018 et
937 2955 975 3018 ab
1006 2953 1211 3018 humanitatis
1240 2954 1396 3018 consortio

277 3058 471 3122 diuidentnr:
509 3057 629 3138 quiesi
653 3057 725 3121 inde
751 3058 898 3122 domnum
923 3056 1126 3122 Aurelianum
1150 3055 1296 3139 fugerint,
1321 3056 1397 3120 binc

277 3159 461 3239 Ennodinm,
486 3159 525 3224 ad
548 3177 626 3241 quae
647 3159 715 3224 loce
743 3159 965 3224 declinabunt?
1004 3161 1115 3224 domno
1136 3158 1292 3241 praefecto
1316 3175 1431 3239 quaere

329 3449 343 3500 1
363 3446 538 3515 sequestratio
556 3448 584 3500 L
678 3447 694 3499 2
712 3446 830 3516 adceptia
848 3446 900 3509 Bb,
927 3462 976 3501 oea.
994 3447 1075 3502 LTV
1167 3446 1298 3501 adulieoet
1316 3447 1344 3501 Β

329 3550 439 3606 XXXV.
471 3551 649 3619 5presbitero
668 3550 702 3613 Β,
726 3566 775 3603 oea.
798 3550 823 3602 T
907 3548 1066 3602 ddeaiderii
1085 3550 1113 3602 Β
1197 3550 1284 3603 ccasio
1301 3550 1330 3604 Β

278 3637 432 3693 ladditnm
452 3640 479 3692 Β
577 3638 698 3706 inplexos
717 3638 743 3690 Β
846 3638 966 3690 tralata
983 3637 1150 3690 relatamitas
1167 3638 1195 3691 Β
1299 3640 1334 3691 10
1351 3638 1397 3691 ob·

278 3723 360 3777 nubet
386 3725 413 3779 Β
526 3724 557 3777 11
587 3722 773 3778 infelicitatem
798 3723 877 3788 fort,
904 3723 1036 3777 felicitate
1062 3724 1090 3776 Β
1201 3722 1234 3775 12
1260 3724 1399 3793 intercipit

276 3810 340 3875 sort.
430 3811 560 3864 l3aom.
582 3812 612 3877 Τ,
639 3826 668 3863 as
686 3810 712 3863 Β
805 3811 837 3863 17
849 3810 976 3864 admittet
989 3808 1024 3876 Β,
1048 3810 1212 3864 1111111112ι
1302 3810 1398 3871 laeli-

279 3898 325 3963 get
343 3895 376 3959 Β,
404 3896 482 3965 eligit
498 3896 562 3961 sort.
657 3896 691 3951 20
707 3896 762 3949 nisi
780 3911 829 3949 cra.
847 3896 883 3959 Β,
905 3895 1053 3949 uaciacac't
1071 3894 1197 3950 &boetica
1281 3895 1398 3949 infacete

279 3982 305 4035 Β
400 3980 431 4035 21
451 3981 552 4049 sepiliri
571 3982 598 4037 B
691 3982 724 4035 22
737 3981 839 4050 eligitis
851 3982 894 4045 P,
914 3981 1020 4050 eligetis
1033 3979 1153 4045 awo,
1172 3980 1290 4048 religatis
1303 3980 1330 4034 Β

280 4068 484 4135 quoinquinetur
511 4068 551 4134 B,
587 4069 791 4136 coinquinentur
818 4068 901 4123 ΜΨ
1022 4071 1144 4135 optamus
1169 4083 1220 4121 orn.
1248 4066 1330 4121 Sirra.

280 4152 313 4207 23
336 4151 435 4219 lybicas
459 4151 549 4222 BLV,
576 4154 670 4208 libicas
693 4154 748 4209 PT
849 4154 927 4207 sirtes
953 4155 978 4207 Τ
1083 4153 1117 4207 24
1142 4152 1266 4207 diuidaut
1289 4152 1332 4205 Bb

281 4238 404 4307 fugerent
422 4240 449 4293 Β
552 4239 584 4295 25
603 4239 737 4295 innodium
756 4239 797 4293 Βι
900 4239 933 4293 ad
952 4240 1027 4308 quae]
1046 4238 1170 4306 atqaeB
