2992 4967
630 350 745 421 llagni
761 349 891 404 Felicis
908 347 1040 403 Itunodi

768 535 905 604 xvim.

613 689 798 746 nuuonrus
824 689 1057 747 cousrsurro.
1137 684 1141 706 ·

317 831 452 898 Abunde
483 832 597 914 gaudio
631 849 689 896 nec
717 831 829 896 clsnda
862 828 1002 896 laetitm
1029 847 1116 896 meae
1142 828 1220 894 fidas
1248 828 1299 892 eat
1329 827 1402 894 ideo

274 935 378 1018 aliqua
398 953 453 1018 per
475 933 664 1000 diabolicam
692 933 927 1017 inspirationem
947 933 1038 1000 nasci
1067 933 1256 1007 conamina,
1289 933 1327 996 ut
1350 930 1399 1004 tu,

274 1041 328 1121 qui
343 1040 376 1103 te
390 1037 475 1103 ultra
489 1037 740 1103 emendationem
755 1038 897 1102 omnium
912 1036 1082 1119 protulisti,
1106 1033 1259 1117 triumphi
1282 1032 1398 1099 lrouore
1421 1054 1436 1094 s

274 1141 453 1225 gratuleris.
498 1159 559 1207 non
582 1143 637 1218 ast,
660 1144 696 1206 ut
715 1140 815 1217 uideo,
840 1139 933 1204 effeta
954 1139 1097 1221 Liguria:
1120 1137 1321 1205 nobilitatem
1344 1155 1399 1222 pa·

274 1245 374 1310 riendi
395 1245 498 1308 necin
520 1245 697 1326 temporum
713 1245 912 1310 extremitate
935 1243 1096 1326 deposuit:
1121 1243 1286 1308 inimicum
1308 1241 1398 1307 uitiis

275 1347 376 1412 adhuc
399 1353 430 1411 et
452 1347 485 1410 in
501 1345 656 1411 cineribus
672 1347 773 1411 nutrit
787 1345 977 1426 incendium,
1001 1349 1034 1411 in
1048 1345 1138 1411 cuius
1160 1344 1279 1410 fauillis
1302 1345 1401 1410 ultrix

274 1450 444 1516 criminum
466 1449 594 1516 flamma
616 1467 675 1516 uon
699 1449 833 1514 moritur
855 1468 912 1514 nec
934 1447 1031 1513 hostis
1060 1467 1199 1513 errorum
1221 1446 1303 1531 iguis
1324 1464 1400 1529 ope-

273 1554 364 1618 ritur.
401 1571 496 1634 quam
517 1551 610 1616 timui
632 1569 670 1617 no
693 1553 781 1616 uelut
802 1551 952 1617 exhausta
973 1555 1121 1628 cessaret,
1150 1554 1225 1617 dum
1247 1549 1400 1632 epistulae
1410 1568 1437 1606 rc

276 1657 398 1722 neumae
417 1656 552 1721 frontem
569 1655 678 1720 alienis
694 1655 850 1720 fuscatam
866 1655 1044 1736 praestigiis
1059 1655 1213 1720 sollicitus
1228 1654 1400 1720 trutinator

275 1759 460 1845 aspicerem,
483 1776 568 1825 more
591 1759 728 1840 parentis
748 1758 899 1836 adtoniti,
922 1760 976 1840 qui
997 1775 1070 1822 cum
1090 1775 1200 1824 aarum
1220 1758 1337 1840 pignus
1358 1761 1399 1822 ad

276 1861 360 1929 bella
381 1861 579 1939 transmittit,
603 1879 660 1926 nec
682 1859 720 1925 de
741 1862 904 1943 explorata
927 1879 995 1927 esse
1016 1863 1137 1943 patitur
1157 1860 1276 1926 uirtute
1298 1861 1400 1928 maui-

276 1965 384 2030 iestus.
429 1969 467 2032 ad
489 1967 681 2031 incrementa
703 1964 951 2031 sollicitudinum
972 1963 1147 2046 triumphos
1170 1963 1229 2028 lilii
1250 1968 1398 2029 numerat

281 2087 343 2134 non
365 2070 494 2153 quietis:
531 2071 602 2152 plus
632 2069 776 2152 expertae
806 2069 922 2133 metuit
950 2067 1097 2133 soliditati
1126 2067 1176 2132 oui
1199 2065 1400 2132 formidinem
1409 2081 1433 2120 ¹⁵

280 2173 439 2238 ministrat
462 2171 590 2247 allectio,
615 2173 688 2252 quia
701 2170 811 2254 ignara
826 2171 980 2237 motionis
994 2175 1044 2236 eat
1056 2187 1146 2235 mens
1167 2169 1316 2235 instituta
1330 2171 1399 2234 uie·

279 2275 367 2342 toriis
389 2279 422 2339 et
445 2275 476 2339 in
501 2274 567 2339 acie
588 2291 674 2338 amor
701 2274 804 2340 laudis
830 2273 941 2339 salutis
969 2273 1094 2339 obliuio.
1136 2273 1257 2355 tropaei
1285 2273 1399 2356 gustus

279 2377 415 2443 abdicari
435 2378 568 2461 imperat
589 2377 668 2442 lucis
687 2377 853 2444 affectum:
876 2393 968 2458 sapor
982 2377 1068 2442 uites
1089 2376 1161 2441 illos
1182 2376 1308 2442 tantum
1330 2393 1398 2458 pos

277 2480 374 2559 sidet,
412 2479 531 2563 quide
562 2479 757 2546 conflictibus
790 2480 949 2545 uenientia
982 2481 1063 2545 bona
1090 2479 1178 2545 nulla
1200 2479 1398 2545 didiceruutz

275 2600 396 2667 semper
424 2583 463 2648 ad
490 2584 623 2667 gloriam
655 2584 798 2666 iungitur
819 2585 901 2664 quod
935 2583 974 2646 de
1006 2581 1233 2648 incolumitatis
1254 2582 1432 2666 proprisos

275 2705 348 2752 cura
370 2685 546 2752 decesserit.
569 2686 623 2750 sed
645 2684 723 2750 mihi
744 2686 779 2749 iu
801 2685 1048 2770 praesentiarum
1069 2684 1334 2768 supersedendum
1348 2691 1399 2750 est

274 2788 453 2854 huiusmodi
474 2787 649 2871 scriptione.
679 2807 739 2853 nou
762 2789 836 2852 suut
850 2787 964 2851 militis
986 2789 1086 2853 nostri
1101 2789 1173 2871 plus
1187 2787 1400 2870 praedicenda

273 2910 367 2974 quam
397 2891 567 2956 adserenda
595 2892 776 2956 sartamine
813 2889 870 2953 ubi
902 2890 1011 2954 iaculis
1046 2909 1123 2972 opus
1145 2893 1207 2968 est,
1232 2890 1330 2956 uerba
1350 2891 1398 2955 nil

273 2995 442 3059 conferunt.
482 2993 556 3058 licet
584 2994 796 3077 promulgasse
823 2995 1014 3060 sententiam
1042 3013 1145 3059 meam
1168 2993 1284 3070 luerit,
1320 2994 1397 3059 dum

273 3097 409 3161 uestram
432 3095 583 3177 praedico,
606 3099 638 3160 et
660 3096 719 3161 hoo
734 3097 776 3161 sit
791 3096 973 3180 respondere
989 3100 1071 3179 quod
1087 3115 1234 3179 responsa
1247 3096 1376 3162 laudare
1388 3120 1397 3161 ε
1407 3113 1435 3154 ss

273 3197 324 3264 dei
346 3200 453 3264 tamen
476 3219 565 3285 opem
588 3202 733 3284 precatus
748 3200 934 3265 obsecutura
956 3199 1029 3264 fidei
1051 3199 1148 3265 uerba
1170 3199 1335 3284 subiungc,
1359 3201 1400 3265 ad

322 3401 440 3459 XVIIII.
476 3405 494 3458 2
511 3405 638 3458 ennodius
656 3421 706 3461 ons
725 3404 751 3458 T
835 3405 853 3459 3
870 3404 997 3460 habundo
1016 3405 1071 3460 PT
1153 3405 1258 3460 letitiae
1277 3403 1332 3459 TV

270 3487 334 3542 fidis
350 3488 379 3542 Β
481 3489 609 3543 taliata
627 3494 652 3556 (c
669 3493 752 3559 eros.)
777 3491 806 3554 V,
833 3491 961 3546 allectat
1059 3490 1163 3560 leguria
1182 3491 1217 3545 T¹
1322 3491 1399 3544 'lui-

270 3573 319 3627 ciis
337 3571 393 3628 Μ’
397 3571 423 3626 V
515 3576 533 3628 8
552 3575 647 3646 nutrit]
665 3575 758 3631 mittit
778 3576 804 3632 T
817 3578 850 3632 ise
866 3593 921 3633 rus.
938 3582 1004 3632 rut
1100 3577 1118 3631 9
1135 3576 1243 3631 hostilis
1260 3577 1328 3644 fort.

269 3660 388 3754 dperitur
404 3659 523 3755 ignis?
619 3686 652 3741 10
671 3682 841 3743 ersanstaL
938 3663 1105 3744 uirentem
1123 3665 1171 3743 uie
1191 3691 1218 3745 T
1313 3691 1398 3745 truci·

269 3779 348 3832 nator
364 3777 438 3843 ΠΡ,
467 3779 613 3834 troeinator
631 3781 659 3835 Β
763 3782 796 3837 12
813 3783 931 3852 parentis
949 3785 977 3852 (p
994 3783 1027 3838 ia
1043 3785 1110 3851 ros.)
1135 3783 1162 3837 V
1261 3784 1294 3839 lt
1311 3785 1398 3838 mani·

269 3865 355 3918 leatus
372 3863 409 3930 B,
436 3877 541 3918 murus
559 3865 682 3922 LPTVt
777 3869 811 3923 14
827 3868 981 3937 triumphus
997 3869 1026 3923 Β
1120 3869 1163 3923 lili
1180 3871 1208 3925 Β
1304 3871 1398 3926 1501-

269 3985 359 4053 pertae
379 3983 428 4049 Bb,
451 3987 557 4054 experta
575 3986 663 4052 LPT,
690 3961 797 4073 exparte}
818 3988 845 4042 V
859 3992 887 4055 (a
903 4005 924 4045 s.
943 3989 961 4047 l.
978 3989 1043 4044 odd.
1061 3997 1089 4045 et
1105 4007 1140 4060 pa
1165 3991 1197 4045 ior
1222 4007 1255 4060 pe
1276 3993 1397 4047 modoad

269 4103 303 4141 m.
316 4090 342 4154 1)
443 4088 474 4142 ll
492 4091 577 4158 tropei
595 4089 630 4154 Β,
658 4091 765 4160 trophei
782 4091 894 4146 LPTV
990 4095 1023 4150 18
1040 4094 1157 4164 ponetis
1176 4094 1204 4148 Β
1301 4095 1335 4149 21
1353 4094 1395 4149 di·

268 4172 425 4228 cesmritT¹
511 4175 839 4233 idiacnlissaiacnust
924 4179 1056 4235 24meam
1068 4180 1229 4236 mutantium
1242 4181 1327 4237 Sim.

269 4259 303 4312 26
320 4264 460 4328 praecatus
479 4261 507 4315 B
