2992 4967
1137 360 1215 409 vnn

88 530 123 596 ut
144 530 198 597 uir
211 530 433 597 Bentleienum
456 531 619 615 ingenium
633 532 673 599 sd
692 531 747 597 bes
769 532 856 598 lebes
871 532 1077 617 detergendus
1099 536 1213 601 uerbo·

87 654 147 718 que
169 634 412 720 redintegranda
433 632 635 701 suneeturum
657 634 754 701 fuisse
768 634 923 701 uidentur.
945 636 994 702 illi
1010 638 1118 702 eutem
1132 640 1213 722 quod

88 755 149 803 non
169 739 338 821 potuerunt
360 756 399 803 ue
421 737 555 805 uoluisse
588 736 714 820 quidem
748 738 902 804 uidentur.
935 739 1013 805 odeo
1046 740 1114 806 sine
1147 740 1213 806 ulle

87 839 302 907 emendatione
335 840 473 906 oodioem
507 841 608 923 operis
640 841 840 907 tradiderunt
871 843 979 925 pnuois
1006 842 1115 926 opinor
1142 862 1214 910 oum

86 944 232 1030 pinguius
265 946 491 1027 eorrigerentur
524 945 654 1009 mutetis
678 946 710 1011 et
739 944 791 1010 bie
823 944 891 1011 illio
923 945 1020 1011 uariis
1052 947 1214 1030 seripturis

87 1047 201 1113 eodiois
224 1048 251 1113 B
278 1047 312 1112 in
341 1050 481 1130 mergine
509 1046 647 1115 odientis.
682 1048 766 1131 quod
793 1052 832 1114 nt
861 1048 988 1132 plenius
1016 1049 1050 1114 et
1070 1068 1133 1115 uno
1155 1050 1213 1115 nd·

88 1152 196 1234 speetu
224 1150 434 1236 intellegatur,
464 1150 524 1215 etsi
553 1150 586 1215 in
609 1150 763 1233 nppnretu
792 1152 902 1217 oritioo
922 1170 960 1216 ex
982 1152 1214 1219 vindobonensi

87 1254 187 1320 multe
221 1256 337 1335 notaui,
371 1274 407 1321 ex
439 1253 576 1320 maxime
609 1256 698 1338 oopie
726 1256 868 1339 exempla
896 1256 1047 1321 nonnulle
1076 1256 1215 1325 delibare

87 1358 198 1442 plnoet,
234 1356 359 1441 quibus,
387 1356 415 1422 si
437 1376 485 1421 res
515 1358 709 1440 apertissime
737 1358 834 1423 etiem
864 1361 1057 1442 argumentis
1085 1360 1216 1445 indiget,

89 1460 358 1528 Vindobonensem
379 1458 495 1525 librum
511 1460 656 1526 editionis
678 1458 917 1527 iundmentum
939 1480 1015 1541 sese,
1039 1466 1102 1529 iem
1125 1484 1216 1531 nemo

90 1565 181 1630 iidem
205 1564 383 1647 denegabit.
407 1582 476 1629 oum
499 1582 523 1627 n
544 1565 577 1630 et
597 1583 621 1627 n
644 1564 769 1631 littores
784 1569 879 1647 etque
894 1565 971 1631 odeo
993 1567 1030 1630 in
1050 1566 1088 1630 in
1109 1570 1146 1630 eo·
1167 1566 1214 1644 ni,

89 1667 133 1731 im
153 1668 200 1732 mi
220 1688 269 1733 un
291 1688 338 1733 nn
359 1668 504 1749 plurimis
526 1666 602 1733 loeis
617 1667 683 1732 sine
700 1668 861 1733 oculorum
875 1667 1050 1734 intentione
1063 1668 1096 1734 in
1112 1668 1216 1735 eodiee

89 1772 268 1857 Ppropter
303 1771 541 1837 similitudinem
571 1771 724 1837 duotnnm
757 1770 910 1855 distingui
949 1771 1013 1837 fere
1049 1773 1215 1854 nequeant,

90 1875 270 1959 saepissime
292 1876 475 1941 errauerunr
490 1874 697 1959 Besileenses,
719 1874 840 1940 dedices
855 1893 910 1957 pro
931 1874 1060 1950 induce,
1083 1893 1140 1940 noe
1161 1894 1218 1942 uos

90 1980 174 2044 nobis
207 1978 298 2044 uobis
329 1982 470 2045 nostrum
502 1982 642 2043 oestrum
673 1998 729 2061 pro
758 1997 814 2042 esoe
840 1996 900 2042 noe
927 1976 1017 2043 uobis
1047 1978 1216 2044 110613111-

92 2086 188 2148 etrum
219 2084 319 2165 (nim)
349 2086 493 2148 nostrum
524 2082 636 2165 (nm),
666 2081 756 2147 uolui
787 2080 879 2146 noteoe'
911 2098 967 2164 pro
996 2081 1085 2147 sotei
1114 2082 1216 2162 uolui,

91 2186 138 2265 43,
159 2186 203 2252 26
228 2186 309 2252 bnis
336 2202 390 2268 pro
418 2184 513 2263 leuis,
541 2184 637 2265 86‚5
665 2185 716 2249 ios
741 2202 799 2268 pro
819 2184 888 2264 etis,
911 2184 964 2268 88,
986 2184 1030 2249 23
1055 2184 1219 2252 iostieinm

91 2306 141 2371 pro
173 2289 353 2367 intertium,
388 2288 438 2367 14,
460 2288 504 2354 20
534 2286 669 2354 lacunae
696 2305 751 2371 pro
781 2287 935 2353 lasciuius
958 2288 998 2372 (P
1020 2289 1103 2353 enim
1125 2289 1218 2355 solito

91 2411 188 2457 errore
222 2390 399 2457 insiticiam
429 2393 462 2456 st
490 2388 628 2455 mutae
655 2390 799 2476 praebet)
828 2390 1011 2457 seribentee.
1048 2391 1219 2475 oonpsndin

92 2496 321 2572 uocabulorum,
355 2494 466 2579 quibus
487 2494 514 2559 P
543 2494 677 2560 refertus
701 2494 758 2574 est,
787 2494 912 2560 ersendi
933 2495 1054 2578 oopism
1076 2494 1220 2561 fecerunt

91 2597 165 2665 loois
188 2598 351 2665 sexcentis
385 2616 484 2681 usqne
506 2596 685 2663 mirandum
707 2598 757 2663 est
777 2596 918 2665 homines
947 2597 1000 2682 qui
1022 2598 1057 2663 in
1079 2598 1219 2682 legendis

19 2776 22 2783 Ι
91 2702 264 2768 tritissimis
279 2722 305 2767 e.
320 2720 351 2787 g.
367 2699 521 2767 informis
543 2698 762 2784 pronominum
776 2700 926 2782 guigone
941 2704 1025 2783 quod
1039 2720 1219 2783 gnoeguem

93 2826 186 2887 qum
206 2806 355 2890 gemende
375 2806 504 2888 quisque
531 2803 583 2870 uel
609 2804 875 2889 praepositionum
892 2823 954 2884 per
969 2822 1053 2887 pree
1067 2822 1130 2886 pro
1145 2807 1221 2885 poet

92 2910 181 2989 eries
214 2911 398 2995 plerumque
431 2910 511 2992 tepet
544 2908 617 2988 sint,
651 2926 777 2991 prorsus
807 2908 964 2973 esseutire
985 2909 1018 2972 in
1040 2906 1219 2987 rarioribus,

95 3012 271 3081 exhibentes
293 3031 319 3078 e.
342 3032 373 3098 g.
396 3012 426 3096 6,
449 3012 491 3078 23
514 3012 609 3078 utitor
631 3029 687 3097 pro
709 3010 812 3076 alieni
836 3010 917 3093 (erse
935 3010 987 3093 P),
1021 3011 1074 3094 27,
1097 3009 1137 3075 21
1162 3009 1220 3075 tibi

95 3134 147 3197 pre
169 3118 222 3183 eet·
244 3098 274 3201 (1
296 3118 350 3201 n),
379 3119 408 3193 o,
432 3114 451 3179 r
474 3116 504 3181 e·
524 3134 579 3200 pre
601 3115 663 3194 see,
695 3114 745 3191 re,
769 3116 812 3181 oe
834 3117 866 3180 ee
887 3115 931 3181 oe
952 3115 1039 3179 enim
1059 3130 1115 3197 pro
1136 3114 1221 3178 enee

95 3219 151 3300 (uio
172 3222 224 3305 P),
253 3221 351 3299 47,8
380 3220 452 3285 bene
483 3237 537 3302 pro
560 3218 644 3283 ende
669 3219 770 3301 (131>
792 3218 847 3283 ssd
869 3220 916 3283 ite
936 3216 1013 3284 utb
1036 3217 1177 3283 litterum
1199 3238 1222 3281 ee

96 3321 156 3389 iere
177 3326 311 3407 nequet),
336 3325 387 3402 71,
412 3324 454 3389 14
474 3322 602 3405 aufero
622 3340 678 3406 pro
701 3322 858 3404 anteferre
881 3322 1023 3405 (obferre
1035 3322 1087 3403 P),
1112 3320 1161 3402 15,
1178 3320 1222 3385 20

97 3431 239 3492 eandum
270 3446 326 3511 pro
358 3429 480 3511 foetum
514 3426 592 3513 (tim
621 3426 671 3510 Ρ),
709 3427 762 3504 31,
791 3427 813 3492 9
844 3424 955 3491 onmis
987 3444 1043 3508 pro
1075 3424 1222 3489 caesarie

97 3529 193 3613 (cerie
213 3531 265 3613 P),
300 3532 351 3606 33.
376 3530 416 3595 14
444 3551 514 3595 eom
535 3548 591 3613 pro
613 3530 717 3595 animi
742 3533 795 3612 (oio
814 3530 852 3609 P,
875 3529 956 3614 qnod
978 3528 1018 3595 sb
1039 3526 1075 3591 iti
1095 3525 1223 3592 difficile

98 3634 322 3719 distinguitur),
356 3632 470 3717 37,11
495 3632 603 3714 precio
631 3651 685 3717 pro
710 3632 839 3714 prebiieo
863 3622 926 3713 (pet
946 3632 981 3696 in
1008 3630 1091 3695 exitu
1122 3629 1223 3695 lineeo

98 3734 146 3817 P),
178 3736 274 3823 5,16
302 3736 332 3800 si
359 3754 415 3819 pro
444 3734 513 3801 lieet
538 3735 581 3819 (se
603 3735 654 3821 P),
687 3734 740 3815 40,
766 3737 803 3799 11
836 3734 894 3799 boo
920 3752 977 3817 pro
1005 3732 1077 3799 lieet
1104 3732 1151 3818 (fg
1173 3733 1221 3814 P),

99 3838 147 3919 22,
171 3840 220 3907 14.
247 3841 345 3919 426
371 3842 482 3905 conoe
509 3856 564 3923 pro
588 3840 674 3903 eirea
697 3839 746 3925 (eb
766 3838 803 3915 P,
826 3856 899 3903 nem
920 3840 935 3900 t
955 3836 1081 3903 betereo
1103 3856 1119 3901 o
1141 3836 1223 3901 inP

100 3961 144 4023 ee
172 3960 359 4046 similene),
380 3960 433 4039 ee,
459 3960 496 4026 11
521 3962 609 4025 osee·
624 3978 678 4045 pro
693 3959 794 4025 tenere·
818 3944 914 4042 (oeni
933 3958 983 4039 Ρ),
1005 3958 1058 4041 49,
1081 3958 1120 4023 er
1145 3962 1224 4021 uere

101 4078 151 4143 pro
182 4068 334 4130 naturam
364 4062 455 4147 (riom
476 4065 527 4146 P),
556 4064 607 4143 96,
630 4064 651 4130 6
677 4082 777 4145 poree
807 4080 863 4148 pro
894 4080 1048 4144 pesonae
1076 4062 1152 4147 (pos
1173 4060 1222 4143 P),

100 4164 170 4248 457,
192 4170 232 4235 23
251 4188 332 4250 pero
360 4186 416 4252 pro
436 4186 585 4251 pesona.
614 4167 696 4234 idem
725 4166 839 4232 leuiter
866 4166 1012 4249 corrupto
1032 4164 1067 4234 in
1090 4163 1223 4230 alieuius

102 4270 238 4339 uooebuli
272 4272 406 4339 formum
439 4292 512 4339 usus
542 4270 715 4337 Ennodieni
749 4271 801 4336 uel
827 4288 938 4336 sensus
968 4286 1074 4334 ournm
1103 4268 1224 4334 nullom
