2992 4967
584 337 702 393 Dietio
722 338 770 392 rn.
1178 344 1242 411 ebe

113 527 190 591 ante
211 544 305 609 quarn
328 527 477 605 manet,
499 529 576 593 dum
595 526 637 593 ad
659 527 828 595 eluctatam
851 529 1015 595 reducitur
1036 532 1160 597 dicendi
1181 550 1242 597 usu

107 634 258 713 pereunte
280 630 422 697 sensatus
444 628 623 697 hiantium.
647 630 803 697 orestus
817 630 994 717 olympicis
1015 634 1242 701 certaminibus

104 732 148 799 de
169 732 274 816 palma
299 732 428 801 eonddit
451 733 577 801 uomens
600 735 646 815 et,
666 736 696 801 si
723 752 785 799 non
808 734 874 801 otio
902 736 1102 814 debilitetur,
1128 737 1164 801 in
1184 753 1241 802 sue

106 835 176 901 inre
198 834 299 903 eredit
326 854 394 903 esse
420 836 604 903 nietoriarn:
635 855 758 921 semper
786 837 817 903 ei
843 854 989 907 eoronam
1017 838 1241 905 blandimentis

78 936 286 1005 seilieaoibus
315 958 387 1023 spes
417 937 590 1022 promittit,
621 939 683 1007 nisi
711 940 876 1007 ueloeitati
902 941 1078 1024 praemium
1107 942 1242 1009 desidias

106 1040 239 1125 languor
261 1043 406 1109 exentiat
434 1041 547 1109 artifex
568 1042 726 1111 iaoulandi
749 1044 789 1109 de
810 1044 980 1127 triumphis
1002 1061 1130 1111 aeeurus
1152 1047 1242 1129 optat

104 1144 228 1212 inuno
248 1148 280 1209 st
304 1145 354 1211 eui
377 1144 513 1211 euemrit
538 1162 663 1228 semper
686 1148 718 1213 in
741 1148 808 1213 aete
829 1148 931 1230 gloria
945 1147 1044 1233 longa
1059 1165 1134 1231 paee
1148 1167 1241 1231 supe-

104 1246 207 1311 ratur.
245 1252 407 1329 poetarum
436 1247 566 1315 hederas
601 1249 810 1317 nobilioribus
846 1251 1002 1334 eorymbis
1029 1251 1061 1315 et
1086 1249 1241 1316 uiridauti

104 1350 210 1431 speeie
231 1350 337 1415 nutrix
352 1350 473 1435 ingenii
489 1353 584 1417 uomit
606 1352 798 1420 adsiduitas:
821 1356 965 1420 semente
978 1352 1155 1435 frequentia
1168 1371 1241 1435 pro·

65 1472 95 1514 ιο
104 1450 174 1520 bati
196 1454 418 1519 obmuteseuut
438 1473 493 1521 ora
515 1456 671 1523 eausidiei.
710 1458 862 1523 edueatne
882 1457 918 1523 in
945 1455 1103 1540 puppibus
1126 1473 1242 1539 aequor

103 1554 263 1637 liquidum
285 1557 354 1625 elne
367 1561 486 1625 terrore
508 1563 606 1627 nanta
619 1560 801 1643 perlustrat,
825 1562 878 1643 qui
891 1562 921 1627 si
935 1560 976 1627 ad
996 1564 1122 1625 terrena
1135 1558 1239 1625 uitam

105 1658 203 1725 duest
217 1657 329 1739 oilieia,
350 1678 408 1727 nee
422 1660 538 1729 itinera
553 1663 648 1729 astris
665 1680 722 1729 nee
736 1664 849 1729 nentes
863 1662 1070 1747 deprehendit
1082 1659 1241 1746 anspieiia

105 1760 248 1845 agrinus
264 1762 292 1827 si
309 1763 477 1847 aliqnando
501 1782 660 1832 domemur
682 1766 822 1833 inleetns
845 1765 1026 1833 urbanitate
1047 1768 1240 1843 onomat,

105 1863 143 1927 in
158 1862 295 1943 denium,
312 1866 410 1933 bobus
430 1869 505 1935 duur
521 1870 630 1937 scribit
644 1870 745 1953 terga,
762 1868 913 1953 rapietur.
933 1886 1010 1953 ergo
1024 1870 1108 1935 deut
1122 1868 1240 1935 artium

65 1966 143 2031 nin
165 1985 221 2035 suo
244 1986 382 2053 quaeque
408 1988 500 2055 opere
528 1970 688 2038 inuenitur
716 1975 819 2038 muter
839 1971 1008 2050 Mentis,
1037 1972 1087 2037 ita
1106 1988 1242 2038 nouerea

104 2070 295 2139 eruditionis
317 2075 364 2139 est
387 2074 593 2157 neglegentia.
617 2076 692 2141 telis
714 2078 765 2141 est
785 2078 923 2151 nostras,
946 2094 1043 2158 quam
1065 2077 1136 2158 pest
1158 2081 1241 2139 urn-

103 2191 220 2256 porum
246 2175 414 2243 interualla
442 2178 660 2261 prodneimns,
689 2178 832 2245 eondieie
859 2176 1019 2245 nenena:
1046 2178 1241 2243 nannetum

104 2276 407 2355 subcurrentem,
430 2296 492 2345 non
513 2298 661 2363 pompam
683 2298 779 2364 quam
801 2282 905 2347 orare
926 2280 1060 2347 mereari
1082 2279 1241 2347 debuisset

104 2380 261 2446 ostendit:
284 2382 383 2447 mam
406 2381 551 2447 fiduciam
574 2384 613 2447 de
635 2382 815 2451 auditorum
835 2384 1031 2470 benignitate
1051 2382 1239 2466 eoneipieus,

66 2482 252 2553 oruffieere
281 2484 379 2553 uene
408 2485 533 2553 neniam
561 2502 617 2568 pro
645 2485 769 2568 fauore,
802 2485 885 2552 eatis
906 2504 973 2553 ease
999 2486 1052 2570 pia
1080 2488 1160 2552 uota.
1182 2502 1238 2570 pro

104 2585 232 2651 merito.
278 2587 394 2654 absiste
417 2588 539 2672 prount,
568 2588 682 2655 debilis
704 2587 818 2655 timor:
844 2589 1071 2657 insinuandum
1094 2588 1240 2655 orbitatis

104 2687 280 2773 miseratio,
295 2692 466 2757 orationem
481 2690 663 2775 religiosum
679 2690 878 2757 commendat
893 2691 1041 2759 officium.
1058 2691 1132 2775 quid
1143 2690 1242 2756 faeiat

105 2809 211 2857 sermo
233 2792 365 2875 peritiae
388 2794 552 2877 splendore
566 2795 705 2873 dotatus,
728 2793 785 2860 ubi
799 2812 892 2861 eausa
906 2795 1003 2861 etium
1018 2794 1086 2860 sine
1100 2793 1242 2859 insinua·

105 2894 199 2961 trieis
222 2896 350 2981 linguae
380 2897 484 2981 planet
506 2898 631 2965 officior
667 2914 717 2963 res
746 2896 921 2980 inpebauit
942 2898 1094 2982 gratim:
1122 2895 1243 2963 suflieit

68 3000 146 3063 aeut
168 2998 267 3065 uerba
288 3005 468 3067 mereantur
490 3000 652 3067 affeutnmr
677 3006 812 3086 utreque
834 3002 978 3068 secundis
992 3000 1033 3068 ad
1048 2999 1241 3068 audientiam

105 3104 247 3169 nestram
270 3102 427 3171 ominibus
451 3107 673 3172 conuenerunt.
706 3105 809 3174 diuam
832 3122 905 3172 sane
928 3105 1010 3189 qued
1032 3104 1141 3182 restat,
1168 3102 1242 3186 quia

162 3380 175 3432 1
200 3394 249 3433 usu
273 3378 379 3434 dicendi
403 3380 507 3437 LTVb
611 3381 628 3435 2
651 3382 793 3453 elimpyeia
810 3382 850 3447 Β,
878 3370 1015 3452 olympiui'
1041 3381 1072 3446 V,
1099 3379 1242 3450 olympiaci

104 3462 156 3519 Pb
260 3464 415 3521 certaminis
438 3466 525 3521 PV¹b
629 3467 688 3521 'dei
706 3483 760 3521 non
778 3482 811 3523 ee:
829 3467 886 3522 siue
906 3468 1026 3532 ΓΜ,
1055 3464 1124 3535 sino!
1146 3464 1173 3519 L

104 3584 182 3639 notio
210 3584 238 3640 Β
340 3551 503 3674 ἀοῦέὶίῐοτιπ
527 3591 569 3655 (ur
592 3589 624 3643 in
642 3590 708 3655 rae.)
736 3587 778 3655 Β,
809 3588 945 3643 debitetnr
972 3585 999 3642 L
1103 3584 1122 3639 6
1146 3585 1242 3652 langor

105 3685 165 3742 ΒΤ
256 3687 275 3742 8
291 3686 389 3743 hedrar
409 3688 445 3744 Τι
536 3688 662 3745 eorimbis
678 3690 744 3745 libri
838 3688 976 3759 9rpeeiae
993 3688 1028 3756 Β,
1055 3693 1130 3773 spent
1151 3688 1177 3742 T

104 3788 245 3857 frequenti
272 3790 354 3847 dirae.
476 3792 582 3862 probati
609 3796 807 3847 emmutescunt
832 3793 874 3861 Β,
903 3791 1063 3861 probatione
1088 3791 1241 3845 mutescunt

105 3875 211 3931 me
307 3876 341 3931 10
352 3876 483 3933 tuomet
494 3877 522 3932 Β
616 3877 733 3947 pupibus
753 3877 788 3932 1⁸¹
884 3878 917 3931 11
934 3880 1070 3933 terrenam
1088 3876 1170 3933 sem.

107 3962 256 4017 lditenen
268 3961 307 4018 Β*
384 3964 598 4033 uentosserr'per',
616 3962 843 4029 uenturBLTV,
862 3966 976 4020 euentus
988 3964 1037 4019 Pb
1126 3962 1241 4034 lbagri·

104 4048 167 4103 eula
184 4045 213 4102 Β
298 4050 427 4103 nemerim
445 4048 473 4103 Β
560 4052 731 4119 contempnat
753 4050 781 4105 V
865 4049 899 4104 14
917 4048 1004 4104 bubus
1022 4050 1050 4105 Β
1143 4050 1177 4105 16
1194 4066 1241 4105 ue·

105 4166 241 4237 erigeres
259 4166 314 4222 sn
399 4170 432 4224 rs
448 4184 536 4225 soma
553 4169 581 4224 n
667 4170 701 4225 as
714 4170 866 4226 rossan
952 4138 1173 4241 neptas

105 4254 141 4308 25
159 4252 200 4321 ut]
219 4256 252 4307 ut
268 4252 322 4307 iarn
342 4253 368 4308 Τ
468 4254 502 4309 26
518 4254 673 4311 hominibus
691 4256 759 4313 ΙΝ*
