2992 4967
288 360 354 428 560
627 431 638 462 ³
670 354 785 426 Magni
803 353 931 412 Felicis
948 354 1081 410 Ennodi

390 547 469 614 Cum
492 549 596 614 dexter
618 547 721 631 oepiat
742 545 894 613 Laurenti
915 563 1044 611 munera
1065 543 1194 630 Xystus.

391 650 443 718 Sio
466 654 573 716 manet
594 649 741 730 officium,
766 649 847 732 quod
870 648 987 714 sanetis
1012 648 1146 733 oontigit
1168 649 1255 720 olim.

390 751 517 821 Obtulit
538 752 591 818 bio
612 751 775 835 templum,
799 752 926 818 ueniens
948 752 1029 835 quod
1051 756 1212 819 consecrat
1233 753 1296 819 ille.

797 971 904 1038 VIIII.

330 1126 420 1184 ITEM
438 1127 480 1183 IN
496 1126 663 1184 Basmcn
684 1126 731 1182 SS.
750 1127 838 1194 Qvla
856 1125 1047 1180 ABSERANT
1065 1125 1254 1182 nummula
1271 1124 1369 1193 QVAE

483 1231 590 1287 PRIVS
607 1231 661 1287 1u1
679 1229 847 1288 FVERANT
866 1229 911 1286 ΕΤ
929 1231 985 1288 SIC
1004 1229 1119 1286 FACTA
1138 1229 1211 1286 EST.

387 1355 472 1423 Vilia
494 1357 579 1421 teota
600 1354 688 1438 prins
712 1353 834 1420 faoibus
858 1371 974 1420 oessere
997 1353 1107 1437 beatis,

386 1458 419 1526 Si
441 1457 587 1543 splendor
607 1475 662 1540 per
685 1457 799 1523 damna
821 1458 918 1538 uenit,
940 1457 967 1521 si
990 1455 1129 1521 eulmina
1150 1454 1285 1520 flammis

385 1560 585 1645 Consurgunt
605 1559 752 1625 habitura
774 1562 875 1638 deum,
898 1557 925 1625 si
946 1559 1070 1643 perdita
1093 1561 1235 1624 creseunt

383 1664 514 1750 Ignibus
534 1663 685 1742 innoouis,
709 1663 736 1727 si
760 1662 836 1728 dant
859 1661 1020 1744 dispendia
1042 1661 1173 1727 enltnm.

302 1769 323 1836 5
385 1765 493 1846 Qualis
516 1767 575 1832 erit
597 1782 745 1848 reparans
770 1765 999 1848 crepitantibus
1023 1767 1115 1831 aucta
1138 1764 1260 1830 ruinis?

382 1868 541 1954 Laurenti,
564 1873 620 1933 tna
641 1869 725 1934 bella
746 1887 856 1953 gerens
882 1867 1026 1934 incendia
1048 1867 1148 1934 uince.

382 1972 511 2039 Sordida
533 1974 685 2038 marcenti
707 1972 854 2039 latuisset
876 1975 959 2038 terra
979 1989 1111 2050 reoessu,

381 2074 415 2142 Si
438 2076 538 2141 status
561 2075 673 2142 faeiem
695 2076 874 2142 tenuissent
897 2078 988 2141 antra
1010 2074 1138 2140 uetusti.

381 2178 442 2246 Sed
465 2182 632 2261 postquam
654 2179 758 2262 superi
781 2179 923 2244 flammas
947 2178 1058 2243 misere
1080 2177 1241 2256 secundas,

281 2281 321 2346 10
381 2281 432 2346 Ad
455 2280 563 2347 lumen
586 2281 700 2346 eineres
723 2281 884 2347 traxerunt
905 2281 967 2346 ista
989 2280 1163 2346 nolendum.

379 2385 451 2450 Hue
474 2383 578 2449 oeulos
600 2388 747 2450 conuerte
770 2385 846 2468 pios,
870 2385 923 2468 qui
947 2385 1059 2450 onnota
1081 2403 1195 2468 uapore

378 2486 538 2554 Praediois
560 2487 748 2568 mundanda,
771 2491 869 2571 pater,
891 2487 1046 2571 rebusque
1071 2487 1225 2554 docendos

381 2593 515 2677 Instrue,
539 2611 578 2658 ne
600 2592 705 2658 uerbis
728 2591 847 2658 titubet
869 2609 956 2657 mens
978 2594 1080 2658 nescia
1102 2589 1188 2657 recti.

820 2817 858 2880 X.

486 2967 620 3024 VERSVS
638 2967 679 3022 IN
697 2969 799 3023 DOMO
819 2965 1024 3023 MEDIOLANI
1044 2967 1193 3024 suumn

359 3088 499 3154 Aedibus
521 3089 561 3154 ad
583 3090 710 3175 genium
733 3090 794 3155 duo
818 3092 892 3155 sunt
914 3108 1054 3155 oonoesse
1076 3108 1131 3173 por
1152 3109 1273 3172 aeuum,

280 3246 284 3257 .
402 3189 434 3257 Si
458 3190 582 3257 niteant
604 3191 716 3257 onustis
741 3194 796 3257 ant
820 3192 938 3257 domini
960 3193 1083 3257 merito.

322 3410 419 3465 tonna
444 3411 554 3480 moti,
581 3427 662 3480 qnam
685 3411 748 3466 libri
851 3428 959 3467 munere
983 3415 1054 3470 coni.
1080 3415 1204 3469 Sotottuo
1306 3417 1396 3484 syxtus

270 3499 656 3580 minturnensibus
761 3517 895 3570 oonreoret
914 3515 961 3570 Pb
1067 3515 1395 3588 v1111.1uuu]1uuu

269 3615 310 3671 no
328 3615 413 3672 raro
430 3613 522 3671 nooo
540 3616 675 3674 anuos
693 3618 836 3674 annus
934 3602 1016 3676 so‘bs
1037 3623 1062 3677 n
1162 3623 1179 3676 a
1197 3623 1303 3693 sr-u]
1319 3625 1395 3680 ne-

268 3705 306 3756 sio
323 3703 416 3758 P¹T²b
518 3702 630 3758 oneum
647 3705 675 3758 B
692 3721 714 3760 a.
732 3706 750 3760 l.
856 3707 888 3776 si]
908 3707 946 3762 sio
964 3707 1079 3764 MP²Tb
1181 3709 1341 3766 4innoonia
1358 3711 1394 3766 rio

268 3789 334 3842 dent
355 3787 494 3858 dispendia
517 3790 621 3844 oulturn
647 3790 723 3846 Tin
739 3807 796 3847 ron.
901 3794 924 3848 ai
948 3794 1021 3863 dent]
1045 3794 1096 3850 fide
1114 3799 1144 3848 at
1170 3795 1199 3848 E
1299 3796 1391 3852 tauta
1478 3807 1479 3818 ²

267 3874 357 3929 EMT
457 3876 475 3929 6
501 3878 533 3930 tu
559 3877 625 3943 sort.
728 3878 787 3932 uiue
814 3880 847 3945 P,
877 3881 934 3934 nite
960 3877 1057 3948 ΕΜΤ,
1087 3881 1193 3935 uitaeb
1296 3883 1314 3936 8
1338 3883 1390 3937 sine

267 3968 356 4014 sutus
382 3962 452 4016 corti.
481 3960 609 4017 Sobottus
723 3966 827 4019 uetusti
853 3967 892 4032 B,
928 3969 1035 4022 uetusta
1061 3967 1120 4022 rell.
1236 3970 1253 4022 9
1281 3969 1389 4026 miseren

267 4045 295 4099 B
398 4050 533 4102 auxerunt
556 4048 621 4114 sort.
734 4052 767 4104 11
793 4066 891 4120 pauore
920 4052 946 4108 Τ
1047 4053 1079 4107 12
1106 4053 1218 4121 preditis
1246 4052 1331 4108 BEP

269 4165 300 4220 13
324 4131 468 4221 neo'e'ii‘iru
489 4168 517 4221 n
621 4169 653 4223 n.
681 4170 821 4227 sonrnur
847 4171 979 4228 vnnsvs
1002 4173 1044 4228 ru
1068 4173 1166 4231 nouo
1189 4173 1387 4230 unnronrnr
