2992 4967
633 353 748 422 Magni
765 353 895 408 Felicis
912 353 1042 410 Eunodi

811 543 866 610 vl.

627 675 810 735 nnnoorvs
833 675 1049 747 reversuro,

317 801 443 868 Dendee
465 807 539 869 sunt
560 819 671 869 manus
693 803 806 868 umoris
829 802 974 886 imperio:
1002 803 1143 869 uiuotum
1165 821 1216 868 me
1235 802 1322 868 tenet
1345 804 1403 869 ed·

277 903 370 970 feotio
392 906 443 971 oui
465 905 560 971 uerba
581 905 728 989 concessi,
752 907 788 970 ut
809 903 892 987 quod
915 905 953 970 ed
976 905 1063 972 selue
1091 905 1233 972 debitum
1262 905 1402 989 pertinet

275 1026 336 1073 non
358 1009 500 1074 tenerem.
525 1007 686 1074 domestioi
707 1006 872 1094 perlatoris
895 1007 1014 1074 oooesio
1036 1007 1116 1074 mihi
1137 1007 1239 1092 perire
1262 1026 1323 1074 uon
1345 1026 1401 1091 po·
1423 1036 1439 1078 s
1493 1012 1494 1091 ἒ

276 1109 352 1188 tuit,
387 1109 448 1175 uisi
476 1109 515 1176 ed
548 1111 728 1194 diligentiae
757 1112 969 1178 testimonium
996 1110 1114 1194 seriptu
1135 1110 1401 1176 transmitterem.
1493 1172 1494 1177 ,

277 1211 415 1278 ιι1ιιιιιιι
443 1231 514 1298 ergo
541 1215 716 1280 reuerentia
745 1213 851 1310 debite
883 1231 1005 1298 preoor,
1034 1215 1071 1278 ut
1097 1213 1214 1279 uiderio
1237 1231 1288 1277 me
1319 1213 1403 1278 rele·
1493 1296 1494 1299 Ἴ

277 1316 358 1381 netis
380 1316 492 1395 effatu,
521 1319 594 1400 quie
621 1317 770 1400 promitto
797 1317 874 1382 milri
903 1317 1083 1384 litterarum
1111 1316 1330 1400 prorogetioue
1351 1333 1403 1380 re-
1493 1348 1494 1403 }

278 1436 432 1502 sponsum.

803 1556 874 1621 VII.
1412 1587 1440 1627 ιο

509 1687 694 1744 ENNODIVS
711 1686 905 1744 ADEODATO
926 1687 1165 1743 PRESBYTERO.
1493 1676 1494 1683 ἵ

319 1809 396 1892 Quis
423 1812 546 1877 uestree
579 1810 749 1877 effectionis
780 1811 932 1877 inmemor
959 1809 1020 1873 uisi
1039 1809 1103 1891 ·qui
1130 1812 1178 1874 est
1210 1809 1401 1875 inhumenus

279 1913 415 1979 existet?
436 1913 505 1997 quis
527 1913 625 1979 totius
640 1911 798 1996 religionis
813 1929 959 1997 persouee
977 1911 1059 1996 epud
1074 1911 1168 1976 deum
1191 1911 1271 1978 nodt
1285 1911 1402 1979 ιιιιιιι

276 2014 482 2098 suffragium?
504 2032 562 2098 ogo
583 2016 726 2094 maxime,
750 2016 803 2097 qui
825 2019 857 2080 ιι
879 2015 1030 2097 grauiore
1050 2015 1248 2099 peooetorum
1269 2013 1401 2080 serdnis

276 2136 396 2201 premor
420 2121 453 2184 et
475 2119 614 2184 uosmem
635 2118 771 2200 gretiam
793 2117 932 2198 obtinui,
960 2134 1105 2200 quaeres
1125 2117 1205 2183 milri
1226 2117 1437 2183 absolutio-u

275 2239 346 2287 nem
367 2221 523 2306 integram
546 2219 724 2304 pollicetur.
759 2220 900 2286 solutens
929 2237 1002 2304 ergo
1024 2219 1210 2286 ueneruuter
1237 2222 1270 2285 ot
1294 2218 1402 2286 debite

276 2341 374 2406 spero,
398 2326 435 2389 ιιι
449 2342 506 2407 pro
522 2343 571 2388 me
594 2341 649 2405 per
671 2325 775 2390 omnin
797 2324 977 2389 serstorum
997 2321 1068 2388 looe
1089 2322 1163 2387 uote
1184 2321 1299 2387 duoles:
1323 2341 1402 2405 queo

276 2431 456 2492 eonsooutus
479 2426 527 2492 dei
550 2425 699 2492 benefioie
721 2426 789 2491 siue
816 2443 904 2491 more
925 2424 1105 2508 dissolum,
1123 2422 1197 2506 quie
1219 2426 1403 2507 oonpertum

276 2527 354 2594 mihi
375 2532 433 2607 est,
457 2528 538 2610 quod
558 2526 689 2594 mereris
711 2529 824 2596 eudiri.

795 2716 882 2782 VIII.
1411 2749 1436 2791 ω

664 2851 846 2909 ENNODIVS
866 2849 1011 2906 numne.

319 2971 352 3038 Si
367 2971 482 3038 offense
496 2973 643 3054 praestet,
667 2973 704 3038 ut
725 2971 954 3055 magnitudinis
970 2976 1043 3037 tuee
1057 2973 1176 3053 scripte
1190 2971 1401 3055 geminentur,

277 3092 369 3157 quem
391 3073 506 3140 uellem
525 3091 615 3157 saepe
636 3073 693 3141 ills
714 3075 814 3140 sereni
835 3076 968 3157 pectoris
990 3074 1039 3139 tui
1060 3075 1231 3157 trenquille
1253 3073 1402 3141 turturi?

277 3182 308 3243 et
330 3177 390 3242 nisi
413 3177 629 3244 eduenseretur
647 3177 813 3261 proposito,
837 3196 944 3243 musas
967 3177 1192 3262 indignationis
1216 3180 1401 3260 ingererem,

277 3281 399 3364 quaudo
422 3281 503 3364 quod
526 3297 613 3346 emor
634 3298 695 3347 uon
710 3282 848 3345 meretur
869 3299 923 3363 per
945 3280 1052 3363 culpes
1067 3281 1196 3363 optinui.
1220 3297 1277 3366 ego
1294 3286 1435 3348 ternensi

278 3403 377 3450 errore
400 3401 510 3450 uenere
534 3403 584 3448 me
606 3383 716 3448 nuntio
739 3384 772 3448 iu
795 3400 829 3448 ee
858 3400 966 3463 oense,
995 3382 1027 3447 in
1061 3401 1123 3464 que
1149 3385 1224 3449 dum
1246 3385 1402 3450 eoousetis

278 3487 521 3573 neglegentiam,
554 3487 727 3570 praemium
750 3485 937 3552 contulistis.
969 3503 1101 3568 puemm
1122 3485 1267 3552 turbatus
1291 3485 1400 3564 direxi,

328 3725 604 3781 1115ιιιιιιιιΤι
715 3725 924 3793 6ιι1(ι1ι.ι.)
947 3725 975 3780 V
1081 3725 1293 3780 transmitterem
1312 3726 1351 3795 (tt
1368 3741 1403 3780 eo·

278 3807 315 3864 s?
332 3814 412 3877 corr.)
431 3810 457 3864 L
560 3811 718 3866 Ireueletis
736 3811 763 3865 L

328 3911 391 3966 VII.
426 3913 459 3967 13
477 3916 589 3968 exsistet
613 3914 639 3967 V
736 3914 820 3969 nollet
843 3914 871 3968 B
974 3913 1007 3967 15
1031 3913 1150 3982 gretiam
1168 3917 1246 3967 urim
1264 3918 1353 3978 (urim
1369 3915 1402 3967 tn

275 4015 326 4069 mg.
346 3998 423 4064 add.)
441 3999 469 4052 B
565 4001 596 4054 16
614 4005 776 4056 uenerantur
797 3999 831 4054 T*
928 3999 960 4054 17
978 4000 1056 4070 queo]
1073 4014 1152 4068 quem
1171 4001 1198 4054 B
1295 4001 1329 4055 19
1345 4015 1400 4054 me-

277 4100 347 4138 reres
366 4085 393 4138 B

328 4188 406 4243 VIII.
442 4187 475 4243 23
500 4203 559 4257 sepe
577 4189 604 4245 B
715 4189 747 4243 25
771 4189 879 4244 obtinui
895 4205 942 4258 per
959 4188 1084 4259 oulpest
1196 4187 1229 4243 il
1253 4191 1400 4257 proemium

283 4275 337 4330 Ve
355 4292 415 4344 esp.
433 4279 503 4330 m.1
