2992 4967
381 350 617 419 Epistularum
637 351 725 405 liber
742 350 804 407 vn.
1090 353 1161 419 181⁴

41 536 158 605 domine
180 537 235 616 mi,
250 537 385 605 salutem
399 539 588 607 uberrimum
605 539 710 605 ditans
725 557 841 621 precor,
864 545 900 606 ut
915 537 1031 607 Christi
1054 541 1151 607 nostri

40 639 194 705 tribuente
222 640 432 706 misericordia
458 641 563 707 crebro
590 642 725 707 salutem
753 645 891 707 uestram
919 643 1035 709 uotiuis
1063 643 1150 721 milri,

42 742 111 807 dum
133 760 237 807 meam
259 744 418 825 quaeritis,
441 744 592 824 nuntietis
616 743 772 810 affatibus.

548 948 638 1015 XIII.

22 1092 33 1133 o
426 1082 608 1141 ennomus
626 1084 763 1142 BOIITIO.

78 1204 109 1270 Si
130 1206 266 1271 liberum
288 1208 369 1271 esset
392 1205 546 1288 imperatu
568 1206 696 1285 differri,
720 1208 938 1272 concederetur
953 1207 1031 1271 mihi
1054 1208 1155 1273 adhuc

41 1311 217 1372 ornamenta
243 1309 360 1374 silentii
389 1327 449 1373 non
471 1308 585 1391 perire:
613 1326 686 1375 nam
708 1308 935 1375 taciturnitatis
964 1329 1077 1375 munus
1106 1314 1156 1375 est

43 1410 117 1491 quod
128 1429 190 1476 non
201 1412 407 1478 inhumanum
420 1413 504 1495 loqui
516 1430 566 1477 me
578 1430 668 1494 posse
680 1411 866 1477 credidistis.
883 1410 989 1477 uidete
1001 1415 1154 1495 quantum

43 1514 162 1595 linguae
178 1516 307 1599 genium
323 1532 381 1579 uox
395 1534 503 1597 pressa
520 1515 693 1580 contulerit.
718 1517 771 1580 sed
789 1532 837 1579 res
854 1517 901 1580 est
916 1515 1007 1580 uacui
1022 1516 1157 1599 pectoris

14 1616 215 1698 operiolitata
236 1619 371 1683 remedIa
392 1638 453 1683 non
472 1622 587 1683 tenere.
611 1620 677 1700 agit
691 1619 842 1683 sermonis
857 1636 939 1694 eura,
962 1636 1000 1682 ne
1014 1617 1155 1700 promul·

43 1721 140 1801 gentis
162 1719 283 1787 celetur
305 1721 446 1799 inscitia,
475 1720 597 1803 quando
628 1719 684 1785 otii
714 1722 801 1786 labor
822 1721 959 1803 gloriam
985 1720 1154 1803 intercipit.

44 1839 105 1887 ecce
131 1840 187 1905 ego
212 1822 268 1887 ille
299 1826 373 1888 ante
404 1824 618 1905 probationem
647 1822 792 1887 laudatus
818 1823 933 1889 subdor
960 1824 1095 1888 examini
1122 1824 1157 1888 et

45 1923 128 1989 ferias
151 1944 252 2003 meas,
282 1945 320 1989 ue
349 1925 454 1991 uidear
481 1925 711 2007 praedicatione
733 1927 860 2009 dignus,
892 1928 1045 2008 inrumpo.
1082 1944 1156 1991 uam

45 2028 110 2091 dum
134 2027 299 2093 humilitas
323 2028 425 2093 reddit
447 2029 639 2111 obsequium,
662 2030 831 2112 impetrata
844 2048 899 2113 per
920 2030 1082 2094 silentium
1096 2048 1158 2095 non

17 2130 198 2195 sistemus.
223 2136 259 2195 tu
281 2131 314 2195 iu
329 2150 390 2210 me,
414 2132 666 2197 emendatissime
685 2132 856 2207 hominum,
881 2132 1018 2215 dignaris
1032 2134 1155 2216 praedi·

46 2252 107 2300 esre
126 2234 273 2312 uirtutes,
297 2253 389 2316 quem
411 2234 547 2300 ioannis
564 2235 735 2317 puerilibus
751 2238 817 2301 sine
839 2236 953 2301 aetatis
969 2236 1157 2318 praeiudicio

46 2335 193 2403 industria
225 2338 299 2404 lecit
327 2338 504 2421 antiquum,
539 2338 593 2422 qui
621 2359 674 2421 per
704 2340 900 2423 diligentiam
929 2341 1040 2422 imples
1067 2359 1158 2405 omne

46 2444 116 2521 quod
139 2442 280 2525 cogitm·,
304 2443 353 2506 cui
375 2442 454 2506 iuter
478 2444 562 2506 uitae
585 2442 708 2505 exordia
729 2443 821 2507 ludus
844 2446 891 2507 est
911 2443 1055 2507 lectionis
1078 2443 1157 2508 assi·

46 2542 139 2609 duitas
163 2551 197 2609 et
219 2545 346 2609 deliciae
369 2546 461 2609 sudor
491 2545 626 2623 alienus,
656 2547 689 2609 in
716 2546 803 2609 cuius
832 2545 980 2611 manibus
1001 2546 1158 2629 duplicato

19 2643 109 2727 aigne
124 2647 236 2712 rutilat
251 2666 311 2729 qua
325 2651 445 2713 ueteres
461 2648 528 2712 lace
545 2647 706 2713 fulserunt.
730 2667 802 2713 nam
818 2650 900 2730 quod
922 2649 976 2712 uix
991 2649 1159 2713 maioribus

46 2747 119 2813 circa
141 2749 373 2814 extremitatem
395 2750 479 2813 uitae
501 2748 644 2833 contigit,
668 2749 725 2814 hoo
747 2747 807 2813 tibi
823 2749 962 2814 abundat
982 2750 1016 2813 in
1038 2750 1157 2815 limine.

45 2868 111 2915 uere
131 2852 244 2916 dedisti
260 2852 394 2935 pretium
415 2852 598 2933 loquacitati
621 2870 717 2935 meae,
740 2850 816 2915 dum
832 2851 1061 2917 desiderantem
1084 2868 1157 2917 con·

46 2951 141 3035 loquia
161 2956 283 3037 primus
306 2956 491 3037 aggrederis.
524 2956 657 3039 contigit
679 2973 759 3020 noua
779 2972 829 3019 res
843 2954 980 3037 garrulo,
1002 2957 1040 3019 ut
1062 2972 1158 3038 usque

46 3055 112 3123 adeo
121 3058 349 3142 produceretur,
364 3058 461 3123 donec
470 3057 750 3140 erigerentscripta
760 3074 952 3140 responsum.
968 3058 1157 3142 deogratias,

17 3161 95 3239 requi
114 3160 246 3227 occultis
268 3160 434 3225 itineribus
463 3160 499 3225 de
530 3159 693 3242 propinqui
714 3177 770 3224 uos
799 3161 974 3225 necessaria
996 3159 1159 3226 allectione

50 3262 241 3329 commonuit.
286 3280 358 3328 ecee
379 3262 519 3346 geminae
542 3279 651 3328 causas
674 3262 809 3327 iniuriae
831 3263 895 3331 iam
925 3263 1055 3327 tenetis:
1085 3280 1159 3328 nam

46 3366 204 3448 postquam
226 3367 359 3449 agrestis
381 3368 511 3445 innotui,
534 3383 698 3450 praesumo
720 3364 822 3431 dicere
843 3384 894 3431 me
909 3368 1079 3447 parentem.
1103 3365 1159 3429 do·

46 3467 122 3533 mine
144 3470 207 3545 mi,
242 3469 355 3534 salutis
378 3468 513 3535 cilicium
543 3470 647 3533 dicens
677 3485 780 3552 spero,
815 3468 850 3531 ut
877 3468 957 3532 cirea
982 3468 1158 3532 litterarum

92 3706 105 3758 1
129 3708 166 3761 mi
191 3706 228 3774 Τ,
258 3706 326 3761 mihi
350 3706 406 3761 LV
507 3708 596 3761 dicens
620 3720 670 3760 om.
688 3705 716 3759 L
819 3704 924 3773 christi]
945 3704 987 3759 dei
1008 3703 1091 3759 Siren.

46 3786 106 3843 2ut
123 3792 213 3847 crebro
230 3792 289 3847 LV
718 3872 723 3885 .

92 3893 167 3951 xm.
203 3896 220 3950 6
246 3896 347 3950 librum
369 3896 396 3950 L
499 3897 654 3951 conderetur
677 3895 704 3950 L
809 3892 896 3947 adhuc
918 3891 986 3946 mihi
1010 3891 1091 3947 Sirra

48 3980 75 4033 11
93 3982 187 4039 inritis
205 3983 231 4037 Τ
331 3982 365 4037 18
385 3981 518 4051 cogitatur
536 3983 591 4049 (ten
610 3982 691 4048 eros.)
709 3979 736 4034 L
839 3977 873 4032 19
897 3977 1048 4047 dupplicato
1069 3979 1095 4033 Τ

47 4064 78 4118 ‘lo
94 4066 163 4125 faece
186 4070 216 4135 V,
242 4068 312 4124 fasce
330 4068 383 4124 LI'
475 4070 507 4123 21
527 4068 712 4125 habundetl'
803 4062 950 4119 lumine?
1039 4065 1073 4119 26
1091 4080 1160 4119 com·

47 4140 128 4224 noui
142 4170 225 4227 sem.
311 4172 514 4226 cinnoente
597 4166 835 4225 moueretur
924 4164 1093 4221 manino

48 4253 166 4311 ninum
183 4258 236 4325 Bb,
261 4258 375 4312 salutati
391 4257 455 4324 fort.
