2992 4967
298 320 359 385 192
652 316 767 384 Magni
784 316 912 371 Felicis
930 315 1059 371 Ennodi

296 507 404 590 incepi.
426 507 484 572 ille
498 505 673 573 dileebonis
687 506 813 573 ianuam
834 506 953 588 pandit,
969 505 1023 589 qui
1044 506 1079 571 in
1093 505 1264 589 conloquiis
1278 509 1421 588 praestat

229 678 231 683 ,
296 608 701 694 exemplumrpropoeitom
723 609 903 681 eustodiunt
922 607 1093 676 termulam
1106 608 1160 691 pui
1181 608 1300 691 scriptu
1319 607 1418 673 rosti-

295 717 396 777 tuunt.
420 730 493 797 ergo
511 712 636 779 auotore
651 711 706 777 deo
725 711 872 780 nuntiam
887 711 1099 793 prosperitatis
1115 714 1239 777 nostrae
1253 710 1422 793 epistolam

295 814 493 881 dmtinamus
528 814 609 882 illud
636 814 677 879 ed
697 813 849 897 gardim
871 818 1026 893 uestrum,
1058 832 1119 897 quo
1139 814 1265 881 uberius
1288 817 1422 896 paterna

295 936 383 983 mens
398 918 523 997 exultet,
538 917 747 1000 adiungimus,
770 916 873 983 lilium
894 922 1035 983 uestrum
1055 916 1090 983 in
1105 916 1217 983 studiis
1230 915 1417 981 liberalibus
1442 938 1456 978 s

293 1019 496 1105 ingenuitatis
518 1021 734 1086 testimonium
763 1020 828 1085 iam
850 1022 955 1085 tenere
978 1021 1010 1088 et
1037 1020 1134 1090 telem
1155 1040 1188 1087 eo
1208 1020 1321 1085 iubeo
1342 1038 1420 1086 eura

293 1126 458 1205 praestare,
482 1128 517 1189 ut
540 1141 635 1189 auara
656 1140 784 1187 suorum
798 1126 873 1187 uota
893 1122 1101 1189 transcendat.
1123 1139 1193 1204 spes
1215 1121 1416 1205 perfeetionis

292 1228 339 1291 est
360 1226 489 1292 honesta
510 1226 543 1291 in
565 1227 761 1293 adnleseente
782 1224 948 1311 inoboatio,
973 1244 1027 1291 neo
1049 1225 1087 1291 ab
1102 1224 1223 1291 erudito
1246 1226 1345 1290 distat
1360 1224 1418 1306 qui

293 1328 375 1395 inter
404 1329 526 1395 exordia
552 1327 629 1394 boni
661 1329 795 1413 gloriam
823 1332 955 1413 oeeupat
981 1328 1130 1395 instituti.
1174 1328 1310 1393 salutans
1340 1344 1416 1411 ergo

292 1432 463 1499 adfectione
486 1451 546 1515 qua
563 1431 656 1499 debeo
680 1450 778 1515 spero,
803 1435 839 1497 ut
859 1436 1003 1515 reparata
1024 1432 1253 1515 opportunitate
1271 1431 1309 1495 de
1332 1430 1452 1495 bonon

293 1555 344 1602 me
367 1534 464 1602 faeiat
487 1537 607 1601 uestrae
629 1534 845 1617 prosperitatis
867 1534 984 1600 adtolli.

806 1718 903 1785 XXV.

646 1854 829 1911 ENNODIVS
848 1852 1055 1911 SYMMACHO.

331 1976 394 2043 Lex
409 1977 568 2043 desideriis
589 1977 705 2061 scripta
726 1978 780 2043 nix
803 1979 954 2047 ereditur:
976 1978 1133 2061 inpatiens
1147 1978 1304 2063 rigidioris
1319 1998 1413 2064 prae·

290 2080 374 2162 septi
396 2079 560 2164 diligentie
580 2098 641 2145 non
668 2080 785 2163 iugiter
806 2081 937 2164 dignum
958 2082 1043 2159 sarit,
1072 2082 1306 2164 reprehensione
1328 2087 1446 2166 quode

289 2182 389 2250 libera
406 2184 461 2249 est.
484 2182 622 2248 redditur
643 2201 733 2267 saepe
755 2183 919 2249 amabilior
932 2185 970 2253 ds
992 2188 1090 2262 reatu,
1107 2203 1178 2251 oum
1198 2204 1254 2267 per
1276 2187 1411 2252 effrena-

290 2286 406 2351 tionem
440 2284 569 2350 sortitur
600 2286 726 2368 genium
748 2288 818 2369 plus
845 2286 1005 2368 placendi:
1040 2306 1113 2353 nam
1140 2288 1290 2356 deliotum
1317 2308 1412 2355 suum

288 2388 421 2470 quodam
442 2387 540 2470 ipsius
562 2390 823 2471 praesumptionis
846 2387 939 2454 melle
959 2391 1165 2458 sommendat.
1199 2409 1257 2475 ego
1280 2409 1299 2455 a
1320 2410 1411 2473 prae-

289 2490 405 2557 fatione
425 2510 476 2557 me
498 2494 595 2572 tueor,
617 2492 690 2574 quie
713 2493 752 2557 ad
776 2493 925 2574 epistolas
945 2492 1066 2578 primns
1088 2494 1222 2575 adspiro.
1251 2499 1349 2561 restat
1374 2495 1409 2560 in

288 2595 442 2675 potestate
469 2593 665 2661 eelsitudinis
693 2596 833 2670 ueebae,
868 2596 894 2661 si
914 2597 1067 2661 sustinere
1091 2596 1212 2679 eligetis
1234 2600 1443 2681 paruulumao

287 2714 347 2761 non
381 2702 483 2763 taoere
515 2697 548 2761 et
580 2699 616 2762 de
650 2696 818 2777 originario
850 2696 1081 2779 Symmaobiaui
1116 2699 1211 2765 fontis
1245 2701 1328 2767 laete
1357 2723 1406 2768 me

287 2816 418 2883 pascere.
442 2799 511 2863 uelo
532 2800 565 2863 in
588 2797 711 2863 Christo
734 2798 856 2877 nostro,
887 2800 1045 2865 Romanae
1066 2803 1168 2883 gentis
1191 2804 1352 2889 nobilitas,
1376 2808 1406 2870 et

287 2919 336 2967 me
358 2904 421 2967 iam
443 2902 479 2965 ut
501 2900 647 2965 olentem
675 2901 707 2968 et
729 2900 884 2970 famulum
905 2920 961 2985 pro
983 2920 1105 2968 morum
1132 2908 1166 2969 et
1186 2908 1314 2971 naturae
1336 2907 1405 2972 luoe

286 3004 425 3089 dignare.

790 3122 905 3189 XXVI.
1414 3154 1440 3196 rs
1457 3188 1467 3217 ,

651 3258 837 3317 ENNODIVS
862 3258 1036 3317 AGNIlLLO.

325 3375 387 3445 Pro
409 3383 481 3447 uoto
504 3398 571 3447 meo
585 3382 774 3465 produxistis
798 3383 971 3466 epistolam,
995 3386 1071 3449 dum
1093 3404 1142 3450 res
1157 3386 1245 3453 nulla
1265 3386 1402 3453 fuscatas

285 3482 367 3549 nube
381 3486 529 3570 purgetis.
554 3484 733 3552 felicissima
748 3485 933 3552 defensionis
949 3490 1031 3552 sorte
1046 3488 1193 3554 adsumus
1211 3490 1402 3558 innoeentiae

335 3672 349 3727 l
368 3670 509 3740 colloquiis
526 3671 543 3725 b
554 3676 581 3727 et
593 3670 621 3725 Β
633 3687 703 3727 corr.
804 3674 982 3743 resumptum
994 3674 1022 3729 Β
1033 3691 1054 3730 s.
1066 3674 1083 3729 t.
1180 3676 1280 3746 tonod
1291 3678 1337 3733 Bb

282 3757 348 3811 tao
366 3756 393 3809 Β
487 3754 682 3811 dedolisoente
700 3760 725 3826 (o
740 3762 888 3825 eoum)
908 3757 935 3811 Β
1019 3760 1136 3816 inroatio
1152 3760 1180 3815 Β
1279 3763 1312 3819 10
1329 3778 1402 3833 opor·

282 3842 400 3897 tunitate
417 3840 456 3894 Βι
559 3842 589 3896 11
608 3843 714 3899 fwiatis
730 3844 797 3929 fort
815 3844 872 3898 atei
887 3846 988 3916 restire
1005 3844 1078 3901 filius
1095 3847 1239 3917 mpptetar

333 3942 415 3998 XXV.
458 3944 491 3998 13
520 3944 655 3999 llnnodine
684 3946 949 4016 symmaobomisea
979 3963 1025 4017 per
1051 3949 1140 4017 ipsum
1166 3966 1258 4004 ursum
1285 3946 1336 4007 Bb

282 4031 314 4084 15
332 4028 595 4099 repraehensioueli
695 4032 728 4087 16
740 4032 974 4089 effrinationemB
1072 4036 1105 4091 18
1121 4036 1147 4106 a]
1166 4052 1196 4091 ao
1214 4034 1242 4089 Β
1327 4050 1402 4106 prae·

281 4115 407 4184 pissone
426 4116 454 4171 Β
555 4117 589 4173 ao
606 4117 792 4175 mortni·
809 4118 837 4173 rr
939 4120 1042 4205 angen
1059 4122 1153 4177 meam
1186 4106 1194 4120 '

332 4218 430 4277 XXVI.
464 4220 499 4275 28
516 4220 688 4277 faelicissimo
706 4224 765 4299 (pr.
784 4237 800 4276 a
817 4224 848 4277 io
865 4226 931 4292 ras.)
948 4224 976 4279 Β
