2992 4967
458 307 688 378 Epistularum
708 306 865 362 liberm
1182 311 1223 376 79

94 497 231 578 creditis,
256 498 403 574 indicate,
426 498 516 563 etde
537 497 661 580 propriu
682 496 835 562 facultate
857 497 988 562 restituo
1004 495 1151 580 quicquid
1171 515 1221 562 me

92 601 307 682 spondentes
334 604 440 666 sancto
468 601 608 682 episcopo
636 600 759 668 constet
786 618 968 684 expensum,
1003 601 1076 683 quio
1095 599 1219 666 litteras

91 705 196 770 sancti
218 721 315 788 pupae
329 705 437 788 babeo,
454 702 565 786 quibus
587 701 678 768 iussit
694 701 842 786 quicquid
865 721 940 786 opus
961 704 1043 769 esset
1065 701 1131 768 fieri
1154 721 1225 768 curn

92 805 301 872 mordebere
330 807 496 872 securitate
525 805 681 890 compleri.
716 805 743 870 si
772 822 891 870 mereor
911 805 1068 884 laborare,
1099 809 1222 871 uestm

69 909 158 976 serit
179 909 365 994 prouisionis
388 908 567 993 expendere.

632 1109 688 1178 Xl.

472 1267 657 1324 sodomus
683 1265 847 1324 suuncio.

138 1389 173 1457 Si
196 1389 377 1474 diligentiae
392 1393 543 1455 memoris
564 1391 645 1455 circs
667 1407 832 1472 personam
853 1407 958 1454 mecm
981 1392 1106 1464 enimus
1121 1393 1223 1455 uester

95 1511 158 1558 non
183 1495 354 1574 erueretur,
376 1495 403 1557 si
425 1495 541 1559 reuerti
564 1513 635 1558 eum
658 1495 697 1557 ed
716 1492 868 1558 iudicium
890 1492 1068 1557 sublimitas
1081 1498 1138 1559 tue
1158 1511 1222 1556 non

59 1617 84 1654 ιο
95 1600 221 1682 cogeret
243 1598 313 1678 post
334 1595 487 1678 fauorem,
511 1595 687 1677 frequentia
709 1597 822 1676 scripte
843 1611 1032 1679 prorogares.
1071 1594 1125 1659 sed
1147 1595 1221 1678 qnid

94 1701 218 1777 faciam,
243 1699 315 1781 quie
344 1715 404 1763 non
425 1699 537 1764 uelidis
565 1697 720 1764 radicibus
749 1696 861 1762 nit'tur
888 1715 976 1762 emor
1004 1697 1161 1763 indebitus
1190 1700 1223 1764 et

94 1803 159 1866 cito
182 1803 222 1866 sd
245 1819 372 1866 examen
392 1803 548 1866 reducitur
564 1801 710 1883 quicquid
732 1802 851 1883 gretiee
874 1818 949 1866 eure
971 1800 1149 1882 subripuit?
1165 1819 1221 1865 me

94 1905 171 1970 noui
195 1906 296 1969 solum
318 1905 405 1986 prius
428 1905 571 1970 debuisse
593 1905 684 1987 diligi
707 1923 799 1986 quem
822 1904 962 1986 probari:
988 1903 1075 1969 buno
1096 1907 1221 1968 tentum

95 2009 235 2072 fructum
259 2007 296 2072 de
319 2007 447 2071 ceritste
469 2006 601 2089 possedi,
634 2025 724 2089 quern
748 2007 926 2090 incognitus
943 2007 1123 2090 prouisione
1144 2005 1221 2071 snb·

59 2113 185 2176 mirari.
209 2111 261 2174 sed
285 2128 339 2176 uos
361 2113 549 2175 conuenerat
571 2127 631 2176 non
654 2111 715 2175 cito
738 2112 777 2177 ab
795 2127 840 2189 eo,
855 2111 906 2176 cni
922 2111 1015 2175 eunici
1033 2125 1149 2174 nemen
1170 2109 1221 2172 in·

93 2213 262 2296 posuistis,
284 2215 461 2290 obscedere,
490 2231 529 2277 ne
555 2231 614 2278 non
637 2231 757 2295 semper
780 2215 819 2279 ud
840 2231 943 2278 meum
966 2212 1090 2294 culpem
1113 2213 1221 2277 redeet

94 2317 177 2398 quod
193 2315 344 2399 promisse
365 2315 442 2380 mibi
459 2333 519 2379 non
541 2320 666 2380 tenetur
680 2316 813 2381 affectio.
831 2317 911 2381 solet
932 2317 1016 2380 enim
1030 2333 1097 2380 esse
1111 2316 1220 2398 ignore

94 2418 299 2484 districtionis
314 2416 452 2483 deuincti
468 2418 665 2492 conscientia,
690 2421 813 2499 etopus
829 2420 877 2483 est
899 2421 937 2483 ut
949 2421 1099 2502 perpetuo
1114 2420 1221 2484 tenect

95 2521 245 2604 quioquid
267 2521 362 2586 semel
384 2518 481 2585 fidum
503 2519 611 2600 pectus
635 2520 797 2601 occeperit.
831 2520 966 2584 sulutem
989 2538 1061 2602 ergo
1084 2520 1220 2586 debitum

60 2627 203 2692 redicens
226 2643 332 2709 spero,
355 2629 391 2688 nt
414 2624 616 2706 despicientes
639 2622 767 2688 rancide
790 2625 953 2704 potentum
975 2623 1101 2687 fastidit
1121 2621 1220 2687 bono·

94 2747 161 2794 rem
186 2730 327 2793 uestrum
349 2729 381 2793 et
403 2745 498 2809 quem
520 2725 595 2791 deus
625 2725 738 2792 tribuit
765 2724 1006 2810 possibilitatem
1028 2725 1219 2790 humilitatis

95 2830 233 2896 fascibus
248 2831 432 2896 sublimetis.
456 2832 543 2894 cuius
565 2831 610 2896 rei
633 2829 724 2896 fidem
746 2830 902 2911 interpres
919 2829 1098 2894 animorum
1112 2827 1219 2912 lingue

96 2933 260 3000 confirmet
280 2936 313 2998 et
335 2932 551 3000 testimonium
573 2932 663 2998 fidele
681 2934 837 2998 mentibus
860 2931 979 2997 deferet
1003 2931 1115 2998 caritas
1129 2947 1218 2996 mon·

95 3037 198 3100 suste
220 3054 274 3118 per
296 3035 427 3102 litteris.

148 3322 161 3376 1
182 3321 296 3376 credetis
314 3321 341 3376 Β
443 3320 561 3376 iubere
578 3321 662 3378 Bru
764 3325 792 3375 et
809 3337 861 3376 om.
880 3321 896 3376 b
997 3323 1015 3376 3
1038 3337 1104 3390 pepe
1121 3321 1149 3376 Β

94 3426 151 3464 esse
170 3409 237 3464 LV¹
337 3410 355 3463 4
373 3410 482 3478 mereor]
501 3424 558 3463 meo
575 3409 603 3464 Β
623 3413 697 3478 (poet
714 3423 773 3463 meo
790 3410 882 3478 spatio
892 3411 961 3464 3-4
977 3407 1027 3462 litt.
1046 3408 1148 3475 uacuo)

94 3493 274 3564 torpescere
292 3494 378 3561 Plo,
406 3493 536 3565 expendet
557 3495 599 3560 B,
626 3493 783 3564 explendcre
804 3494 846 3558 L,
872 3492 1011 3562 explodere
1034 3491 1056 3544 V
1078 3491 1118 3558 (lu
1135 3493 1167 3546 c'c
1184 3507 1217 3546 en

94 3597 164 3636 corr.
186 3597 221 3634 m.
240 3584 266 3649 1)

145 3701 193 3756 XI.
229 3701 245 3754 l
273 3703 402 3756 ennodius
429 3718 479 3757 om.
509 3703 533 3754 T
641 3702 745 3756 senario
771 3701 799 3754 Β
913 3701 931 3756 8
956 3699 1097 3783 memorieu
1125 3698 1153 3754 V

95 3794 300 3876 eexdrerurv
405 3823 438 3877 ro
455 3824 558 3892 eogere
574 3823 601 3877 n
712 3822 743 3876 12
762 3821 902 3890 submpuit
919 3819 947 3873 n
1048 3820 1135 3875 sorum
1152 3820 1217 3874 nous

96 3906 222 3961 LPTVb
329 3909 362 3964 15
382 3909 428 3962 neb
453 3909 478 3962 V
495 3908 514 3962 h
538 3923 607 3963 erce.
625 3905 738 3962 uidetur
839 3905 1006 3976 imposuistis
1023 3904 1104 3960 smici
1120 3921 1216 3960 nornen

96 3993 143 4046 Pb
240 3993 274 4048 20
291 3992 457 4064 dispicientis
475 3995 510 4059 B,
537 3993 713 4062 despicienscs
730 3991 770 4047 L¹
861 3991 975 4046 renceds
992 3991 1021 4046 Β
1117 3992 1151 4046 24
1168 3993 1217 4048 lit·

95 4078 174 4147 teres]
194 4077 256 4132 linit
273 4079 338 4134 add.
356 4079 437 4134 LTV
