2992 4967
353 307 525 377 Opuse.11.
549 309 704 365 Libellus
723 326 781 379 pro
798 308 931 379 syuodo.
1141 310 1206 379 mii

79 498 193 567 iudicia
213 502 247 565 et
269 500 329 565 ists
352 498 453 565 uoluit
482 500 603 569 amauit
631 497 771 565 adussit
791 501 951 585 ingressum
971 502 1020 565 est
1042 500 1092 576 et,
1121 500 1205 581 quod

79 606 182 687 pomet
203 601 347 670 fidelium
369 602 464 669 corda
485 602 602 669 doloris
625 602 701 669 iusti
722 601 839 669 saulem
861 603 1006 680 udum,
1028 604 1204 669 uenerando

79 706 206 773 coneilio
228 707 451 771 auctoritatem
473 705 570 773 etiam
592 710 701 771 contra
721 723 770 788 ss,
799 706 828 771 si
850 710 1038 783 mereretur,
1059 706 1203 773 indulsit.

77 810 145 893 quis
166 810 200 875 in
222 810 285 877 hae
307 808 503 892 anomocus
524 809 625 893 ipsius
651 809 754 875 fronte
775 810 910 876 nmciret
931 808 1050 876 fultum
1070 809 1111 875 ad
1132 826 1204 876 coe·

59 934 71 975 s
79 913 218 995 piscopos
235 912 386 995 puritatis
408 912 600 979 testimoniis
614 912 803 991 conuenisse,
825 912 880 996 qni
896 912 967 992 hoo,
981 912 1064 996 quod
1079 912 1204 979 distric-

78 1015 153 1081 tioni
181 1032 291 1081 eorum
319 1016 424 1081 minus
450 1016 583 1095 licebat,
605 1016 779 1091 exhorruit,
802 1017 972 1083 aestimans
993 1016 1074 1083 illud
1102 1017 1204 1100 magis

78 1118 218 1199 quolibet
232 1118 325 1185 modo
341 1118 606 1196 labefactandum,
629 1122 710 1201 quod
726 1118 890 1185 statuisset
903 1136 1012 1185 osusor
1024 1117 1205 1185 mumdum

77 1222 148 1303 qnid
170 1222 351 1306 praefatum
374 1221 533 1288 incessitis
555 1224 667 1289 canina
681 1222 892 1305 loqmoitaose
913 1222 988 1305 quid
1002 1222 1127 1289 ineditis
1141 1241 1204 1288 uon

77 1326 274 1391 merentem?
296 1326 405 1391 uotum
428 1325 494 1391 eius
510 1329 559 1390 est
574 1325 656 1407 qnod
670 1326 812 1393 uestrum
826 1325 945 1410 putetis
960 1342 1027 1393 asse
1041 1325 1203 1403 terrorem,

50 1428 128 1491 nsed
157 1430 294 1494 astutior
320 1431 353 1495 in
383 1430 471 1495 uobis
504 1447 598 1512 qnam
627 1428 662 1493 in
683 1428 836 1493 Athanasi
868 1428 1054 1495 aduersariis
1085 1428 1203 1495 nouelli

78 1531 161 1595 uirus
183 1531 341 1614 serpentis
363 1530 517 1597 insibilat.
549 1531 598 1597 illi
620 1530 800 1597 nescierunt
821 1534 903 1615 quod
925 1550 980 1597 uos
1002 1532 1119 1616 optime
1141 1531 1203 1597 oal-

79 1632 162 1712 letis,
192 1634 329 1716 qualiter
350 1633 527 1719 triumphus
551 1634 715 1701 tolleretur
741 1630 885 1719 inpetito.
917 1635 967 1701 illi
989 1638 1202 1719 prouoostum,

79 1756 114 1801 ue
136 1738 309 1804 audiendus
330 1756 392 1804 uon
420 1738 613 1817 occurreret,
637 1737 862 1805 formidabant:
888 1757 944 1804 uos
967 1756 1086 1804 moram
1108 1756 1204 1822 quam

77 1838 231 1907 habebant
262 1841 405 1907 examine
434 1860 499 1907 nou
528 1840 663 1907 forentes
692 1842 873 1908 uenientem
894 1842 1003 1907 moulis
1026 1841 1202 1925 reppulistis

51 1944 109 2006 cet
130 1944 270 2011 taedium
294 1944 381 2011 nobis
404 1944 442 2009 do
460 1946 620 2011 sententia
633 1946 855 2028 praeparatum
869 1961 1026 2009 armornm
1041 1944 1203 2041 ultricium

79 2044 292 2131 adsumptione
327 2047 544 2115 conmutnstis.
583 2066 601 2113 o
630 2047 785 2113 malormn
816 2048 1088 2126 commemoratio,
1124 2066 1202 2132 quas

79 2166 182 2216 nocem
205 2155 238 2216 et
266 2152 405 2235 praestat
433 2153 467 2216 et
497 2152 630 2230 subruit,
666 2151 741 2217 dum
773 2150 845 2217 illos
881 2168 958 2235 quos
979 2154 1010 2217 iu
1034 2152 1203 2219 clamorem

83 2255 212 2337 coegerit
235 2271 343 2319 eorum
366 2254 462 2319 etiam
485 2254 642 2337 grauitate
664 2252 740 2319 facti
764 2253 861 2319 uerba
882 2253 1054 2319 confundit.

117 2372 193 2453 Quis
209 2374 348 2457 patietur
363 2393 419 2440 uos
434 2390 531 2455 aequo
544 2372 651 2440 auimo
662 2374 857 2455 garrientes?
875 2392 948 2457 ergo
962 2393 1019 2440 uos
1033 2377 1203 2442 secuudum

50 2474 284 2545 nadsertionem
306 2481 442 2543 uestram
464 2476 607 2543 nouellse
628 2475 779 2543 utilitatis
802 2480 1038 2545 commodanon
1052 2498 1202 2561 amamus,

83 2579 152 2645 dum
167 2579 306 2647 definitis
321 2580 494 2648 senioribus
509 2580 702 2664 praestemus
717 2579 923 2663 obsequium?
937 2581 989 2647 hic
1003 2584 1070 2648 tota
1084 2582 1204 2667 ingenii

81 2682 148 2747 uela
179 2683 392 2766 suspenditis:
426 2684 478 2748 hic
510 2682 673 2764 resupinae
704 2682 836 2749 ceruicis
864 2702 900 2747 ex
928 2699 1047 2749 secessu
1068 2686 1202 2768 pectoris

83 2784 226 2868 quioquid
250 2786 362 2852 habuit
383 2786 519 2867 flaminis
540 2790 648 2851 ructus
671 2786 819 2853 euomuit.
849 2784 939 2851 munt
960 2803 1060 2850 emm:
1085 2786 1203 2870 “Moysi

82 2888 205 2956 anobis
227 2890 342 2955 ieiunia
360 2892 393 2955 st
407 2888 547 2955 Helisaei
569 2888 723 2954 miracula
745 2907 825 2972 quae
846 2888 923 2975 egit,
945 2888 1021 2953 dum
1043 2892 1202 2955 mortuum

123 3186 242 3258 tpossit
261 3188 288 3243 Β
386 3188 465 3243 Ηιὶο
487 3188 522 3243 Ψ
618 3189 732 3244 nescirer
750 3188 788 3243 1¹¹
881 3162 965 3261 coep-s
982 3190 1010 3245 L
1106 3193 1203 3247 deon·

78 3306 163 3361 nense
182 3310 214 3377 r,
243 3326 292 3365 mre
310 3325 337 3364 n
438 3309 504 3379 quse
527 3310 555 3365 re
658 3276 812 3365 neceni
836 3310 878 3377 n,
904 3310 1100 3365 eistetensem
1121 3311 1205 3365 nur

76 3398 170 3456 Ruso
283 3402 420 3459 ioolibet
441 3406 469 3458 A
573 3404 672 3473 causor]
691 3402 771 3459 iudex
786 3407 814 3458 Δ
926 3405 1030 3474 liquid
1049 3405 1078 3473 (d
1095 3405 1128 3460 ies
1145 3420 1201 3460 rus.

75 3507 151 3572 corr.)
172 3508 198 3563 Τ
293 3506 430 3561 incessetis
441 3507 477 3572 B,
500 3507 648 3561 incessistis
662 3508 690 3562 P
706 3513 732 3561 et
744 3508 836 3575 Sirim,
861 3510 1012 3577 pronoostis
1025 3508 1086 3562 sitis
1104 3507 1132 3561 A

75 3586 295 3659 oolncituteBV¹,
322 3593 500 3648 colaudateA
596 3593 689 3647 luditis
701 3591 817 3659 ΛΜΨ,
847 3592 942 3647 leditss
955 3592 983 3647 Β
1080 3591 1114 3647 10
1128 3594 1201 3646 sstu-

75 3672 154 3729 tinsc
235 3678 340 3734 atanasi
353 3680 389 3746 Β,
407 3679 544 3734 athanasii
560 3678 649 3742 ΑΒΓ,
667 3678 782 3732 staussii
794 3678 852 3734 LV
936 3678 1134 3733 mesliacus

77 3758 107 3811 13
119 3766 340 3823 occurreretofl'
415 3780 606 3835 moremquem
619 3782 645 3819 m
729 3765 762 3820 14
775 3766 920 3819 examinari
931 3766 986 3821 Bm
1066 3764 1201 3818 uenientes

76 3876 100 3913 m
201 3868 341 3938 repulistis
365 3870 424 3935 PT,
452 3868 567 3939 repulsis
584 3886 610 3923 m
716 3868 748 3923 15
772 3869 875 3923 tedium
901 3868 987 3924 Ass
1088 3868 1120 3921 16
1142 3883 1201 3921 oou-

77 3988 185 4043 mutstis
209 3990 236 4045 L
341 3990 373 4043 19
395 3990 541 4059 garrientis
568 3992 604 4046 Τι
708 3990 740 4046 21
762 3990 887 4044 desinitis
905 3991 966 4046 Ros
1068 3993 1202 4060 praestare

78 4064 134 4121 ΒΜ
234 4074 268 4129 22
286 4076 346 4131 uela
364 4074 549 4144 (elatiores.)
571 4076 597 4129 Y
695 4074 862 4147 suspendites
888 4076 916 4131 Β
1018 4077 1055 4133 23
1071 4076 1201 4147 quidquid

79 4148 112 4217 Β,
138 4158 264 4229 quidquic
281 4161 309 4215 L
406 4158 512 4229 habuit]
532 4162 647 4229 spiritns
663 4162 727 4217 add.
745 4160 832 4217 Alica
936 4162 1022 4231 siunt]
1041 4168 1089 4217 aut
1105 4162 1167 4219 Β.

79 4241 178 4307 moysin
195 4246 222 4297 B
326 4244 360 4299 24
378 4244 471 4300 helisei
489 4247 578 4311 BLV,
608 4248 699 4303 elisaei
716 4250 744 4301 Δ
