2992 4967
300 372 365 440 474
658 367 772 437 Magni
789 367 917 422 Felicis
938 367 1068 422 ilnuodi

300 560 392 644 patri,
415 577 487 624 cam
508 559 612 642 posset
633 557 779 642 praebere
802 556 968 635 alimenta,
993 553 1177 640 deuegeuit‚
1199 557 1234 622 id
1255 559 1346 644 genii
1368 577 1434 624 soe·

301 661 417 729 loribus
439 660 504 728 suis
526 662 698 740 adsociant,
721 663 758 724 nt
780 663 863 725 esset
876 663 967 743 petre
981 659 1132 726 incolumi
1147 660 1314 744 parricida
1339 667 1434 744 putas

301 767 438 831 oueesse
460 768 493 831 te
514 766 658 831 debitum
681 763 719 830 de
734 783 797 831 non
818 763 917 830 inlate
937 763 1072 848 genitori
1094 765 1195 830 morte
1217 763 1434 848 supplicium:

302 869 338 934 ut
359 886 440 935 esses
463 867 637 952 nocentior,
660 868 834 952 pepercisti.
867 867 1023 953 potuisses
1044 867 1218 945 cruciatus,
1243 885 1323 951 quos
1348 871 1437 933 intu-

300 973 393 1051 leras,
413 971 527 1038 ultimo
549 971 648 1055 petris
670 969 732 1036 line
756 968 949 1048 concludere,
973 970 1000 1034 ei
1023 969 1145 1036 medice
1166 989 1262 1036 mauu
1284 969 1467 1056 iugulums

301 1073 526 1158 praestitisses:
548 1076 650 1159 prime
672 1076 719 1139 eet
740 1071 897 1138 melorum
920 1073 1046 1137 tuorum
1075 1073 1253 1139 edinneutio
1282 1076 1437 1139 creatoris

300 1178 417 1260 proprii
440 1175 571 1243 exitium
593 1193 651 1241 nec
671 1194 833 1242 remouere
854 1174 995 1259 utpium
1016 1175 1119 1241 lilium
1141 1193 1196 1242 neo
1209 1178 1247 1242 nt
1269 1177 1437 1243 crudelem

300 1282 389 1346 deest
416 1281 541 1346 inferre.
575 1280 650 1364 quid
679 1284 727 1346 est
753 1283 834 1363 quod
856 1281 941 1344 inter
963 1281 1127 1362 utramque
1150 1279 1250 1362 uiam,
1280 1280 1436 1363 exquisiti

299 1383 446 1451 inuentor
475 1383 622 1466 periculi,
650 1386 794 1450 neutmm
817 1387 953 1450 sectatus
975 1383 1110 1468 pasceris
1131 1385 1338 1467 promulgata
1361 1385 1436 1450 tabe

299 1487 473 1570 genitoris?
500 1487 580 1553 uixit
601 1491 634 1552 te
655 1490 840 1570 procurante
863 1505 898 1553 eo
920 1486 1075 1554 infelicior
1101 1491 1205 1571 pater,
1235 1487 1319 1568 quod
1352 1489 1464 1554 moris

299 1592 331 1655 to
352 1593 538 1673 procurante
562 1609 621 1655 nou
642 1591 767 1656 meruit.
802 1608 909 1665 nemo,
932 1589 1138 1668 sanctissimi,
1168 1589 1296 1655 dubitet
1318 1592 1434 1656 mundi

299 1693 392 1758 istius
414 1694 500 1757 mela
521 1694 674 1759 educente
695 1711 769 1758 nece
785 1693 909 1775 sepeliri
926 1697 959 1759 et
974 1711 1170 1760 communem
1186 1695 1302 1757 sortem
1317 1695 1434 1758 uotum

301 1813 366 1861 esse
387 1795 472 1860 inter
494 1793 627 1860 aduersa
649 1795 847 1860 constitutis:
871 1813 994 1861 necesse
1016 1800 1064 1861 est
1086 1796 1187 1880 opteri
1202 1797 1284 1877 qued
1300 1797 1433 1862 modum

299 1899 387 1982 ponit
414 1897 643 1963 amaritudinis.
676 1915 767 1981 rogo,
796 1895 909 1981 quibus
932 1901 980 1963 est
1008 1897 1110 1963 beluis
1136 1898 1356 1979 conparandas
1378 1901 1434 1982 qni

299 2000 514 2082 procuratione
536 2019 593 2067 sue
621 2000 717 2066 infert
745 2001 823 2066 dure
845 2000 912 2068 sine
934 2001 1094 2067 termino?
1127 2001 1215 2067 cuius
1243 1999 1327 2082 doli,
1356 2005 1460 2069 dume

299 2120 411 2168 manus
433 2102 572 2168 abstinet
587 2105 626 2169 ab
642 2105 767 2168 audere
780 2105 869 2184 lucis,
892 2105 956 2170 leto
972 2103 1194 2170 commutanda
1213 2108 1432 2186 pepererunt?

299 2205 363 2271 iem
385 2206 455 2271 erat
475 2205 600 2290 genitor
622 2204 713 2271 iatius
735 2223 888 2272 annorum
910 2205 991 2272 fasce
1014 2205 1183 2272 contritus:
1206 2208 1346 2290 iamper
1368 2213 1433 2274 tre·

299 2309 415 2374 mende
442 2309 527 2374 senis
556 2308 700 2375 membre
721 2309 793 2374 aeui
815 2309 1011 2393 depopulatio
1040 2309 1176 2391 uestigia
1197 2308 1275 2374 olim
1298 2310 1432 2376 robusta

299 2410 514 2477 subuerteret:
537 2413 601 2477 iam
624 2412 841 2478 diuturnitatis
864 2410 1019 2478 morsibus
1041 2413 1075 2477 in
1092 2429 1198 2495 rugas,
1221 2431 1302 2495 quae
1325 2415 1432 2481 decla·

298 2515 389 2579 rabat
411 2513 581 2593 hominem,
605 2515 706 2581 forme
727 2513 896 2600 uergebat:
919 2531 980 2581 nou
1003 2517 1112 2581 temm
1126 2515 1201 2582 sine
1215 2535 1270 2600 spe
1294 2517 1460 2584 subsidiis

298 2618 338 2682 ad
360 2619 575 2684 maturitatem
598 2621 795 2702 peruenerat,
820 2619 871 2684 cui
893 2618 960 2685 iem
981 2619 1081 2686 maior
1103 2616 1228 2684 suboles
1251 2619 1428 2685 adridebat.

298 2719 414 2804 potiori
442 2719 556 2786 fiducie
578 2721 617 2786 ad
639 2721 761 2785 uictum
792 2723 981 2804 congregate
1010 2721 1158 2804 dispersit
1185 2738 1274 2804 quem
1304 2741 1427 2805 semper

298 2825 416 2890 scimus
439 2823 550 2890 horrea
569 2842 628 2888 sua
641 2823 675 2889 in
690 2823 829 2908 pignoris
844 2823 1006 2889 alacritato
1021 2823 1169 2906 posuisse.
1194 2841 1284 2890 omen
1299 2825 1428 2907 putauit

298 2926 436 3008 cogitare
458 2926 496 2990 de
518 2925 696 2992 subsertis
718 2926 771 2990 cui
793 2925 948 2991 existebat
970 2930 1063 2992 uetus
1084 2925 1258 3004 incolumis,
1282 2928 1324 2994 ed
1348 2929 1426 3011 geli·

299 3030 372 3094 dam
400 3028 545 3094 canitiem
573 3028 631 3094 hoo
658 3031 774 3113 putans
802 3029 1075 3111 persecutricem,
1105 3031 1185 3113 quod
1206 3035 1371 3111 reparatus
1393 3031 1453 3096 ins

350 3267 365 3319 1
389 3267 478 3333 possit
499 3267 527 3321 Β
630 3233 748 3321 ιωῐοῗηε
771 3266 799 3321 Β
901 3268 1006 3323 auset
1022 3268 1049 3323 L
1152 3268 1300 3323 incolumui
1318 3269 1359 3324 L·

297 3375 315 3431 4
341 3375 507 3431 innocentior
533 3375 616 3433 Sirra
719 3377 848 3448 peperisti
876 3379 911 3434 T·
1013 3381 1030 3433 t
1053 3395 1134 3435 manu
1155 3353 1253 3450 iuguli
1269 3354 1374 3437 inedies
1396 3383 1425 3449 V,

298 3496 407 3535 menum
430 3484 538 3569 tuorum
561 3481 685 3552 iugulum
708 3479 799 3538 medie
820 3481 848 3538 L
870 3486 902 3540 iss
924 3499 992 3550 rac,
1021 3499 1103 3539 mauu
1127 3483 1250 3555 iugulum
1268 3484 1373 3541 medice
1388 3487 1424 3554 P,
1484 3493 1485 3510 ¹

296 3601 766 3670 unanimiorem-mam
864 3605 1111 3674 nemeseus
1206 3593 1271 3662 croi
1290 3607 1424 3684 veno.

297 3693 362 3750 odd.
379 3699 444 3750 as.1
506 3712 510 3719 ⁴
535 3696 689 3752 meriste
706 3696 734 3752 Β
830 3699 965 3754 teritum
983 3699 1022 3754 Β·
1117 3701 1299 3772 {tetrumque
1314 3704 1357 3759 Βι
1483 3741 1484 3770 2

297 3787 315 3840 9
340 3786 479 3844 inuentios
504 3787 534 3844 B
635 3793 762 3847 nmirum
787 3793 835 3856 13¹,
864 3795 999 3847 nocuum
1022 3793 1049 3848 L
1151 3795 1295 3865 promulgo
1317 3797 1359 3852 Βι

299 3880 333 3936 la
348 3882 453 3953 sepiliri
474 3883 501 3939 V
594 3886 627 3940 14
643 3885 821 3942 amaritudini
837 3886 905 3952 fort.
1000 3888 1034 3944 16
1050 3891 1143 3944 autore
1161 3888 1197 3957 Β,
1224 3893 1314 3948 sotere
1332 3893 1360 3948 Β

296 4001 369 4057 rue
393 4003 421 4058 a
524 4005 708 4060 emensae
735 4005 774 4061 υ
879 4007 911 4062 17
935 3981 992 4062 ete
1017 4007 1046 4074 n,
1073 4007 1208 4077 recen,
1235 4008 1306 4065 rere
1329 4011 1358 4066 1³
1482 3993 1483 4033 l

298 4095 333 4151 le
343 4095 536 4152 diuturnitates
547 4098 644 4156 ΒΝ
729 4115 808 4170 nopes
821 4103 849 4157 Β
940 4102 972 4159 a1
985 4103 1196 4160 mss-inritatam
1210 4103 1238 4160 Is
1322 4105 1421 4161 subolis

296 4200 334 4266 Β,
358 4197 464 4254 soboles
482 4201 568 4258 m
666 4203 701 4258 ii
716 4188 763 4274 (ἶιῖι
781 4203 815 4259 Β·
918 4207 954 4262 28
970 4208 1026 4262 in-
1043 4206 1071 4262 Β
1166 4209 1253 4280 omen]
1270 4209 1314 4264 on’
1332 4209 1358 4264 Τ

296 4293 403 4363 potsnit
419 4294 447 4349 Β
545 4295 581 4350 24
597 4296 742 4354 ensistebst
758 4299 786 4354 Β
885 4299 1002 4370 gelidam
1024 4301 1059 4358 Τ·
1162 4302 1197 4359 db
1213 4303 1309 4374 potam
1327 4301 1354 4360 Β
