2992 4967
456 295 691 368 Epistularum
709 297 798 353 liber
816 299 869 367 ΠΙ,
1182 307 1224 376 89

104 486 292 580 eloquentia,
305 486 343 556 ub
355 486 478 572 inpacta
489 486 676 569 necessitate
692 487 862 576 subripuit:
880 507 1041 583 nunquam
1056 490 1117 556 fuit
1130 490 1224 575 digne

102 589 222 674 bibone
245 590 442 669 contumelia,
478 609 571 675 quam
592 590 695 670 iussus
718 591 873 668 exhibuit:
896 610 986 668 nemo
1010 591 1224 659 oboedientem

101 691 186 766 inste
210 693 409 774 condemnat:
439 695 498 774 sibi
521 693 615 764 debet
636 693 751 772 inlutus
774 690 902 763 iniurias
925 696 970 760 de.
986 696 1107 779 eloquio
1129 699 1224 761 rusti-

102 795 196 864 oanto
212 796 265 882 qui
284 800 429 880 prunoet
450 797 640 882 imperitum.
664 798 865 882 supercilium
887 800 935 864 est
956 799 1139 867 celsioribus
1163 818 1226 865 non

80 914 228 977 sperare,
257 900 356 963 meins
385 898 514 986 siquae
537 901 656 969 nonoris
679 899 876 976 descendisse
898 901 937 973 ab
958 903 1147 984 obsequente
1171 902 1224 966 de·

102 1001 226 1084 spicios.
260 999 379 1083 inprobi
412 1001 556 1067 desiderii
588 1004 718 1084 putatur
751 1004 885 1069 adsertio
913 1023 975 1070 non
1003 1023 1108 1070 umaro
1143 1007 1224 1086 qued

104 1102 218 1186 exigis:
242 1101 452 1185 adstipuletur
474 1103 588 1170 iudicio
610 1106 732 1190 suoqui
756 1124 916 1173 censuram
930 1105 969 1171 de
990 1105 1225 1189 obtemperante

102 1203 280 1286 suspendit:
310 1206 392 1273 male
413 1206 555 1290 pertinax
578 1208 734 1286 &strictio
757 1214 821 1288 est,
845 1227 922 1294 qnae
945 1209 1094 1275 meritum
1115 1209 1148 1275 in
1169 1228 1225 1292 pa·

103 1309 194 1371 rente
216 1307 403 1374 considerat:
433 1308 580 1392 pudorem
608 1311 647 1376 ab
677 1311 812 1376 statione
840 1329 902 1376 non
924 1312 1042 1394 expulit
1063 1311 1117 1394 qui
1145 1310 1227 1395 qnod

69 1409 245 1492 reloquitur
266 1411 356 1477 debet
377 1411 517 1495 imperio.
539 1413 644 1496 itaque
666 1414 700 1478 in
715 1413 804 1479 nobis
827 1416 906 1497 quod
921 1417 1028 1480 sordet
1050 1414 1226 1496 eloquentie

102 1511 341 1579 commendatur
361 1511 525 1598 obsequiis.
553 1533 607 1580 nos
631 1515 775 1580 uideritis
798 1516 889 1599 quale
918 1515 964 1580 sit
985 1515 1066 1599 quod
1087 1515 1225 1581 iussistis

101 1613 223 1680 offerri:
247 1632 381 1700 egenos
404 1617 470 1681 sine
493 1617 602 1682 lrontis
624 1635 712 1682 meae
734 1617 896 1700 dispendio
918 1620 1068 1684 memisse
1096 1617 1226 1684 aesdmc

102 1718 187 1800 qnod
210 1715 407 1785 desiderastis
430 1721 579 1802 accipere.
601 1723 689 1784 taceo
711 1719 794 1785 inter
815 1720 885 1803 iste,
910 1739 989 1813 quse
1002 1721 1141 1806 principe
1161 1719 1226 1785 lue

101 1823 176 1884 rant
197 1821 264 1886 loco
286 1821 453 1905 uenando,
483 1819 725 1887 ecclesiasticam
748 1823 962 1889 bumilitatem
991 1826 1071 1907 qnod
1104 1823 1228 1906 plaeere

67 1948 92 1988 re
101 1927 228 2007 poterat
249 1925 418 2003 abiurasse,
441 1925 616 1990 orationum
630 1941 776 2010 pompam
791 1927 845 2009 qui
858 1927 1029 1992 orationem
1045 1925 1152 2008 dibgit
1166 1943 1227 1991 non

102 2031 256 2105 secutum,
272 2027 421 2111 propositi
444 2027 687 2094 consideratione
710 2031 742 2094 cu
763 2029 842 2095 illud
857 2049 908 2094 me
923 2029 1030 2116 lugere
1045 2028 1126 2112 quod
1142 2029 1227 2094 ducit

102 2129 144 2195 ad
167 2130 316 2212 gloriam,
345 2131 434 2214 quusi
455 2131 570 2196 uitium
592 2131 745 2197 declinare
768 2131 913 2217 quicquid
937 2131 1070 2203 attollit,
1101 2132 1227 2215 eulpam

102 2237 217 2318 putore
238 2237 319 2315 qnod
349 2235 441 2316 erigit
475 2237 529 2300 out
554 2233 721 2312 sublimet,
754 2235 881 2315 perdere
909 2235 1010 2300 iustae
1042 2231 1228 2300 laudationis

102 2336 254 2400 meritum
277 2335 391 2401 fauoris
418 2335 538 2402 ellectu.
561 2335 792 2401 excusationem
813 2337 959 2402 ueritatis
981 2335 1151 2403 coloratam
1173 2354 1229 2418 pe·

70 2437 209 2504 unionlo
231 2456 292 2503 non
307 2439 518 2521 praetendam,
542 2440 618 2503 dum
639 2439 765 2536 replico,
784 2440 864 2521 quod
885 2439 975 2519 illud,
992 2439 1138 2522 quioquid
1160 2443 1229 2504 stu·

104 2542 231 2606 diorum
246 2540 372 2607 dederat
394 2559 467 2607 curu
489 2539 675 2616 liberalium,
692 2539 756 2604 iam
778 2541 902 2623 reliqui,
919 2542 1000 2624 quod
1023 2541 1112 2607 alueo
1128 2559 1226 2624 quon·

105 2644 180 2708 dem
203 2643 318 2726 copiosi
340 2642 478 2709 fluminis
499 2643 685 2708 emesenus
701 2643 794 2726 gutte
809 2642 958 2708 manetur
980 2642 1104 2725 eloquii.
1127 2646 1226 2719 taceo,

104 2745 191 2828 quod
211 2745 363 2828 lingum
384 2765 477 2829 quum
505 2765 581 2814 nouo
602 2746 753 2822 mobilem
771 2745 898 2822 fluerat
926 2745 1007 2820 uer
1035 2763 1111 2819 usus
1129 2743 1229 2816 bebe-

104 2848 199 2926 unit
223 2863 288 2926 tite
309 2865 365 2931 iro
386 2849 533 2920 bonnm
554 2849 729 2928 silentium.
761 2847 966 2924 abiectionem
987 2867 1008 2914 a
1029 2847 1119 2921 nonu
1137 2845 1229 2931 diligi

71 2969 162 3034 spru
185 2953 324 3022 coturno.
343 2952 386 3022 ad
406 2952 484 3022 iilud
507 2951 612 3022 redeas
644 2951 716 3035 quta
738 2951 819 3026 ubi
839 2970 899 3024 nou
920 2951 1014 3026 neus
1034 2951 1120 3026 utu
1141 2968 1230 3024 wu-

105 3056 243 3129 rondum
276 3055 434 3137 penetrale
463 3054 643 3124 delitescere
671 3069 727 3123 aec
756 3054 952 3130 debilitatum
979 3053 1100 3138 ingenii
1127 3056 1230 3137 tepore

160 3343 183 3412 2,
202 3341 277 3396 iusus
303 3341 330 3395 Β
432 3341 599 3397 obedientem
624 3341 709 3397 BLT
807 3341 825 3395 3
851 3341 1030 3426 condempnat
1056 3340 1164 3394 LPYV

107 3438 125 3491 4
151 3437 292 3507 irnperium
319 3435 354 3491 Τ·
456 3439 472 3492 5
493 3437 653 3492 distendisse
671 3435 698 3490 Β
801 3435 926 3506 dispicias
944 3434 995 3502 Bb,
1021 3433 1150 3503 despitius
1166 3434 1231 3501 LV,

108 3529 265 3600 despicietur
285 3531 311 3585 Τ
410 3531 427 3584 6
451 3533 561 3600 putetur
578 3531 605 3585 B
708 3529 828 3598 derigit
844 3529 888 3585 Pb
991 3529 1090 3584 iuditio
1107 3525 1166 3582 LV

108 3617 372 3687 oemuramruumd'
454 3615 693 3672 ddustrictioPV‘
772 3613 1068 3670 tabsmmuniwl'
1082 3612 1179 3679 (ecoe
1196 3629 1230 3668 ec

109 3703 297 3757 cirmini
318 3701 362 3771 V),
378 3719 394 3758 a
411 3704 528 3760 umbone
543 3683 595 3771 '1³t,
613 3701 765 3758 obsmtlone
782 3700 810 3755 Β
894 3698 1056 3755 10uobird’
1139 3699 1172 3752 11
1184 3699 1231 3754 ob-

111 3787 219 3860 scquiis]
239 3787 349 3858 eloquiis
368 3789 395 3843 l·
494 3791 527 3845 la
543 3787 684 3846 inferri}¹
775 3786 870 3842 estimo
888 3787 915 3839 B
1019 3783 1052 3839 14
1070 3784 1230 3839 manendam

114 3871 153 3928 Ρ·
255 3875 287 3929 16
311 3875 495 3945 propositione·
523 3877 592 3945 (onis
618 3877 683 3944 sort.
711 3876 792 3943 erm.)
817 3871 844 3927 L
892 3892 895 3898 ’
946 3869 980 3926 ii
1006 3870 1108 3926 nicinm
1137 3869 1181 3946 Γ

113 3958 145 4012 18
167 3957 239 4013 iuste
256 3959 293 4022 Β,
319 3965 347 4015 et
364 3961 434 4016 iuste
457 3963 482 4017 Τ
579 3961 613 4016 20
639 3961 793 4031 protendam
819 3958 876 4015 BV
975 3957 1008 4012 al
1034 3957 1136 4025 abinoe
1159 3955 1188 4010 1}
1213 3971 1231 4010 n

110 4045 337 4114 erus.s'n«ciiro,
363 4046 948 4115 &bececionemque
1047 4041 1081 4095 22
1108 4040 1232 4095 nmmum

110 4130 175 4197 fort.
269 4131 306 4188 ὓ
322 4131 457 4188 hebituuii
474 4133 509 4200 Β»
535 4133 672 4188 habitauit
689 4132 717 4187 L
800 4130 837 4185 dd
853 4145 883 4191 u·
899 4127 1022 4197 (baua)
1041 4127 1068 4180 L
1143 4126 1180 4182 dd
1196 4124 1233 4180 aui

112 4215 179 4270 illud
198 4231 232 4271 cc
250 4216 324 4273 eliud
342 4218 368 4273 L
385 4221 457 4274 out
558 4217 593 4272 26
610 4217 759 4272 delitiscere
777 4216 836 4271 BV
1149 4224 1153 4236 '
