2992 4967
288 328 349 395 198
504 326 618 396 Magni
635 324 764 381 Felicis
780 324 910 379 Ennodi
928 325 1029 393 epist
1047 323 1106 377 lib.
1124 322 1189 378 vn.

287 514 435 582 sollicitet
456 518 512 579 aut
533 513 599 579 nlla
621 512 787 579 necesitas
809 512 969 577 maturum
997 528 1173 595 expugnare
1193 513 1294 596 possit
1314 512 1411 577 affec·

286 620 377 683 turni
399 616 551 699 numquid
572 614 705 701 genitori
727 622 873 681 natorum
895 632 958 679 non
979 614 1071 699 gratu
1085 615 1162 679 sunt
1175 614 1332 680 uerberat
1354 618 1412 680 aut

286 721 441 787 cuore
471 718 662 802 reptantium
689 720 892 802 paruulorum
921 735 981 782 non
1007 720 1040 782 et
1061 718 1240 783 mulcentur
1260 718 1410 783 iniuriis?

287 824 366 889 nihil
395 840 537 889 animum
563 826 676 905 putant
703 824 816 905 quibus
844 820 926 886 inter
952 819 1105 886 desideria
1135 820 1217 904 quod
1247 820 1330 886 notis
1353 838 1410 903 pro

286 930 374 1008 parte
400 925 581 991 aduorsetnr
608 923 763 991 efferbuit.
799 923 979 999 inuenimns
1007 925 1090 989 inter
1116 923 1256 990 triticeae
1286 927 1445 1008 segeteso

286 1028 391 1110 spinas
413 1029 446 1093 et
466 1028 593 1106 lolium,
628 1028 659 1091 et
680 1026 756 1091 dum
784 1025 968 1111 frugiferam
994 1026 1124 1093 hubam
1152 1028 1324 1110 carpimus,
1358 1026 1412 1092 in·

286 1131 418 1197 fecunda
439 1132 661 1217 suggeruntur.
698 1129 850 1213 numquid
878 1129 948 1195 ideo
971 1130 1113 1196 culturae
1135 1130 1313 1213 respuenda
1335 1128 1411 1195 dili·

286 1234 392 1317 gentia
422 1238 471 1300 est
503 1236 558 1300 aut
590 1234 773 1300 cessandum
801 1235 850 1299 eet
872 1252 893 1300 a
913 1234 1111 1313 nonoribus,
1145 1234 1173 1300 ei
1201 1252 1263 1299 non
1284 1233 1319 1298 in
1341 1234 1410 1299 toto

285 1336 470 1402 satisfecerit
492 1338 576 1402 terra
597 1336 734 1402 cultori?
768 1338 860 1402 deum
883 1354 1000 1418 precor,
1023 1339 1061 1401 ut
1074 1356 1095 1401 a
1109 1340 1142 1401 te
1164 1337 1245 1420 quod
1269 1337 1410 1403 detestor

286 1438 441 1505 excludat:
474 1457 530 1523 ego
552 1443 657 1505 tamen
679 1457 866 1522 numquam,
890 1441 917 1504 si
940 1439 1056 1518 credis,
1079 1442 1221 1505 deseram
1243 1438 1410 1505 monitoris
1419 1460 1447 1500 ιο

285 1539 431 1608 officinm.
469 1542 575 1608 audiui
602 1544 635 1607 te
662 1545 760 1626 petris
788 1544 835 1607 tui
860 1543 1011 1609 relatione
1041 1544 1124 1608 circa
1145 1542 1250 1608 studia
1272 1542 1338 1606 iam
1360 1562 1410 1607 re·

285 1644 417 1710 missum
440 1650 488 1723 et,
517 1646 604 1727 quasi
626 1662 730 1711 arcem
753 1646 903 1712 scientiae
924 1646 1053 1729 adeptus
1076 1650 1136 1726 sis,
1159 1647 1207 1711 ita
1227 1645 1409 1711 nullatenus

286 1765 352 1812 esse
374 1747 411 1812 de
433 1747 576 1813 lectionis
598 1748 804 1813 instructione
826 1749 1003 1815 sollicitum.
1038 1752 1137 1832 nosti,
1160 1750 1223 1826 fili,
1245 1750 1339 1814 istius
1362 1750 1408 1815 rei

285 1868 438 1914 summam
462 1848 523 1915 nisi
546 1849 733 1916 adsiduitate
756 1852 853 1916 nimia
874 1871 934 1917 non
949 1854 1058 1919 teneri.
1092 1872 1153 1918 non
1167 1852 1285 1935 profuit
1300 1852 1335 1915 in
1350 1852 1408 1917 hoc

284 1968 375 2033 opere
397 1951 555 2017 laborasse
583 1952 750 2035 aliquando
773 1952 948 2032 homiuem,
980 1956 1034 2037 qui
1056 1972 1074 2019 a
1095 1954 1210 2022 laboris
1233 1954 1447 2020 intentionem

286 2053 455 2119 destiterit:
484 2056 658 2138 pernicibus
680 2054 737 2120 elis
762 2059 959 2139 neglegentes
982 2058 1063 2141 fugit
1086 2057 1233 2137 scientia,
1265 2059 1299 2121 et
1321 2056 1409 2139 quic-

286 2155 360 2239 quid
382 2174 468 2222 mora
491 2158 522 2221 et
544 2159 654 2224 sudore
677 2161 802 2242 partum
826 2162 871 2224 est
887 2160 944 2225 sub
967 2160 1127 2225 celeritate
1148 2158 1343 2225 transfertur.
1376 2160 1409 2225 te

284 2260 458 2326 salutatum
481 2263 512 2327 et
535 2261 664 2346 uigilem
687 2262 768 2339 uolo,
791 2266 828 2326 ut
850 2264 1005 2344 profectus
1020 2265 1068 2328 tui
1083 2281 1217 2328 messem
1233 2262 1408 2327 cotidianae

285 2365 402 2428 catenis
425 2362 569 2431 lectionis
593 2366 780 2447 adstringes.
812 2368 850 2431 ad
873 2382 923 2430 me
944 2365 995 2431 uel
1009 2384 1099 2445 nunc,
1123 2368 1149 2431 si
1164 2366 1238 2449 quid
1253 2368 1286 2430 te
1302 2366 1411 2430 deceat

285 2464 414 2547 cogitas,
437 2468 585 2544 rescribe,
609 2467 692 2551 quis,
715 2468 742 2533 si
759 2468 867 2548 credis,
892 2486 1061 2551 numquam
1083 2468 1221 2534 similem
1237 2468 1448 2534 dictionumau

285 2566 411 2633 tuarum
433 2570 570 2637 inuenies
592 2571 625 2635 iu
648 2570 788 2652 qualibet
809 2570 893 2636 orbis
916 2572 1005 2653 parte
1027 2570 1189 2637 fautorem.

336 2823 458 2879 Iuliane
475 2824 503 2879 L
600 2839 744 2895 expurgare
765 2828 791 2881 Τ
892 2826 963 2897 3et]
982 2827 1063 2881 etiarn
1085 2828 1117 2890 Τ,
1143 2826 1207 2881 erb
1306 2828 1408 2897 fproa

283 2940 311 2995 n
413 2942 613 3012 cacunem
630 2944 660 3001 u
756 2916 877 3015 dumus
894 2948 921 3003 n
1016 2946 1409 3014 inconsentaneum

283 3025 311 3079 Β
414 3028 444 3083 11
468 3030 560 3097 patres
577 3028 617 3085 13¹
720 3032 755 3087 16
777 3033 910 3089 distiterit
927 3035 964 3103 B,
989 3034 1098 3090 destitit
1116 3034 1200 3090 Sim.
1307 3035 1340 3089 19
1362 3050 1408 3091 ca·

282 3109 373 3165 thenis
393 3111 419 3164 Τ
517 3111 552 3167 20
568 3114 710 3171 rescribere
730 3118 756 3172 T
857 3120 1082 3175 electorem?
