2992 4967
440 326 680 397 Epistularum
696 323 786 380 liter
802 321 895 381 vml.
1168 318 1232 387 247

618 542 717 615 m·
883 644 887 651 .

461 701 645 761 marouwa
670 696 873 762 esuum.

144 824 280 893 Gratum
291 822 372 889 milii
386 827 435 889 est
444 824 486 889 at
499 824 748 908 magnitudinem
761 824 901 889 uestram
912 820 1094 891 litterarum
1103 837 1235 892 munere

96 928 313 1012 promulgans,
347 927 421 1010 quia
447 929 481 991 et
506 926 613 1011 generi
635 926 671 993 et
696 923 904 993 eeuseientiae
929 924 1054 994 nestrae
1081 942 1144 992 ueu
1165 925 1233 994 tera

75 1030 268 1097 seuhitetur
297 1028 394 1095 huuer
421 1029 483 1095 iate
517 1041 612 1111 quam
641 1026 792 1097 renutu.
819 1028 940 1095 iustum
962 1030 1012 1096 est
1032 1030 1070 1094 ut
1090 1026 1231 1110 religioe

97 1134 198 1203 treme
219 1132 371 1221 prepositi
386 1135 530 1199 saneim
544 1132 673 1199 uiduam
688 1132 721 1198 at
735 1130 871 1199 nabilem
886 1132 1054 1199 sumeretur
1066 1132 1232 1215 iugeuuua

98 1254 161 1323 age
185 1238 243 1304 tea
264 1254 335 1303 urso
357 1235 491 1322 gatae,
513 1236 587 1319 quia
600 1236 704 1303 bouus
714 1233 868 1319 opinionis
890 1234 1014 1304 ueetm
1032 1234 1074 1305 el
1087 1248 1143 1303 uae
1157 1236 1233 1305 oter

99 1341 273 1408 enauauit
295 1339 353 1405 ille
374 1357 472 1422 usque
487 1339 528 1405 sd
543 1337 846 1407 eemummatiauem
859 1336 944 1405 uitae
960 1337 1081 1406 fluetus
1098 1335 1232 1417 tritura,

99 1445 157 1529 qui
186 1442 300 1510 tunam
335 1442 473 1509 seditem
504 1443 537 1508 iu
572 1442 632 1509 hae
662 1442 783 1509 sueeuli
809 1442 1044 1512 muneratione
1064 1441 1230 1525 plautauit.

63 1570 89 1611 re
98 1549 181 1614 bene
195 1545 311 1624 facist,
325 1547 440 1613 temne
453 1544 599 1631 Aguells,
615 1543 725 1611 munti
739 1544 832 1613 istim
847 1544 1063 1614 blaudimeute
1076 1560 1231 1628 respuere,

99 1650 134 1715 et
149 1649 225 1715 (ium
242 1649 370 1714 celsiora
384 1649 530 1731 sequeris,
543 1647 640 1715 etiam
655 1667 733 1735 quae
746 1652 916 1732 potueruut
930 1648 1066 1714 uenires
1080 1647 1232 1731 legitimis

97 1752 249 1820 remediis
279 1768 339 1819 uon
366 1750 495 1818 hebere:
525 1751 615 1818 suisti
647 1768 709 1817 nou
738 1752 841 1818 selum
863 1751 989 1817 ueniam
1010 1769 1156 1835 quaerere
1176 1750 1232 1816 seri

100 1872 260 1922 aaronem.
283 1854 444 1941 gaudeant
466 1854 505 1922 de
527 1854 684 1921 medicina
698 1854 899 1939 languentes:
920 1870 1017 1940 prepe
1038 1856 1086 1921 est
1106 1858 1144 1921 ut
1156 1870 1230 1938 pro-

96 1960 204 2023 ximus
227 1959 270 2023 sit
291 1956 469 2041 integritati
484 1958 535 2024 aui
551 1958 742 2038 paramur,
765 1962 802 2023 ut
814 1956 949 2023 feliciter
962 1958 1102 2030 uetuem
1115 1956 1231 2023 iulete·

62 2062 184 2127 atras.
207 2078 291 2146 ergo,
315 2062 441 2126 dominu
454 2061 509 2141 mi,
533 2062 733 2128 salutationis
747 2062 884 2144 gratiam
898 2059 1230 2145 iuueriteentiumque
1329 2107 1333 2113 ·

96 2164 279 2247 persolutus
301 2180 387 2248 regu,
409 2166 448 2228 ut
467 2180 525 2247 pre
545 2181 597 2230 rus
620 2163 722 2230 anniae
744 2167 779 2229 et
799 2166 929 2247 parente
950 2163 1006 2229 tue
1019 2164 1230 2247 apostolerum

96 2266 263 2333 liminibus
299 2284 361 2333 neu
398 2266 524 2333 desinas
559 2264 744 2349 subplleure,
783 2270 820 2331 ut
848 2282 971 2332 merear
996 2283 1120 2332 seruare
1148 2266 1230 2349 quau

96 2371 243 2455 praediea
266 2374 298 2436 et
318 2371 401 2453 qued
423 2372 456 2436 in
480 2368 552 2436 aliis
574 2368 687 2436 eutelio
708 2369 777 2453 ipse
796 2386 858 2436 nen
878 2368 1057 2455 neglegam.

608 2574 725 2641 XXVI.

61 2737 87 2778 ω
463 2708 647 2767 ENNODIVS
670 2706 866 2765 nuseium.

142 2830 213 2901 Seio
236 2834 378 2917 equidem
400 2850 455 2899 uos
476 2852 533 2917 pre
556 2832 707 2900 desiderio
731 2850 800 2899 mee
823 2830 919 2899 fuisse
942 2832 1138 2901 subtraetes:
1174 2830 1229 2896 esd

96 2934 186 3001 aliud
208 2953 264 3019 spe
286 2935 324 3003 tle
347 2936 561 3005 sollicitudine
584 2940 691 3003 uestra
704 2954 933 3021 praeseperam.
955 2953 1029 3001 uam
1045 2938 1077 3001 et
1092 2923 1227 3018 qualite'r

97 3040 231 3107 domnus
254 3040 311 3107 dee
333 3041 515 3123 praestante
539 3038 725 3107 ualedixerit
755 3044 787 3108 et
814 3038 868 3125 qui
897 3039 986 3109 uobis
1008 3038 1129 3107 itineris
1152 3019 1228 3107 erdo

97 3144 212 3222 fuerit,
241 3142 270 3211 si
296 3144 359 3209 mei
381 3162 500 3210 memor
523 3160 617 3222 esses,
640 3162 838 3229 merueram.
883 3144 939 3211 sed
961 3143 1037 3229 quid
1059 3142 1151 3223 faeie,
1174 3144 1227 3228 qui

61 3246 335 3333 eueglegeutiam
373 3250 511 3313 uestram
548 3265 606 3312 nee
642 3246 836 3333 suggerenda
879 3246 1014 3314 lamam
1056 3244 1229 3312 affectionis

98 3351 265 3437 expugna?
287 3367 361 3435 erge
375 3352 403 3415 si
419 3352 451 3417 te
466 3348 591 3416 Christe
607 3349 663 3415 dee
689 3352 794 3416 nostro
811 3350 970 3418 tribuente
991 3368 1061 3436 spes
1076 3349 1226 3433 nuptialis

148 3584 488 3657 irrumperetur*
587 3566 849 3646 emenone
951 3586 1229 3658 euasurum

94 3688 235 3729 uuseerr.
254 3674 391 3741 mli·
496 3675 642 3731 Struetes
669 3674 698 3730 B
807 3675 841 3729 12
867 3689 947 3731 auare
972 3676 1038 3742 fert.
1142 3674 1228 3731 aelam

92 3793 163 3851 utu
266 3794 562 3865 aperueram.
667 3797 701 3852 14
718 3794 908 3853 maerere
1006 3762 1132 3861 reiut
1160 3771 1274 3851 mtur'

93 3878 182 3936 BLV
280 3880 576 3952 honoritieeutiamquse
594 3883 622 3939 B
725 3884 761 3939 16
777 3886 931 3953 apostorum
949 3882 977 3938 B

128 3982 230 4039 XXVI.
264 3982 299 4039 20
325 3985 440 4041 messsle
466 3984 524 4043 Μ’
623 3986 656 4042 21
685 3986 822 4062 nequidem
850 3988 878 4043 Β
985 3987 1020 4042 22
1046 4001 1092 4058 spe
1118 3986 1228 4057 empti,

94 4068 150 4139 spei
177 4070 245 4125 titre·
399 4068 609 4128 sollicitudiuem
636 4074 677 4129 13¹
838 4073 1019 4144 praeciperem
1045 4069 1135 4140 BLV,
1170 4089 1228 4145 per·

93 4172 214 4225 euperem
232 4156 279 4213 Pt
380 4156 534 4214 tiessisB
638 4160 748 4217 latieB
851 4160 1094 4231 25uegligsutiam
1106 4158 1161 4216 BT

93 4241 128 4296 26
146 4242 279 4312 nuptialis
298 4242 392 4309 ΡΜ,
419 4244 556 4313 nuptiales
573 4244 697 4301 13qu
