<?xml version="1.0" encoding="UTF-8"?>
<!DOCTYPE html PUBLIC "-//W3C//DTD XHTML 1.0 Transitional//EN"
    "http://www.w3.org/TR/xhtml1/DTD/xhtml1-transitional.dtd">
<html xmlns="http://www.w3.org/1999/xhtml" xml:lang="en" lang="en">
 <head>
  <title>
</title>
<meta http-equiv="Content-Type" content="text/html;charset=utf-8" />
  <meta name='ocr-system' content='tesseract 3.04.00' />
  <meta name='ocr-capabilities' content='ocr_page ocr_carea ocr_par ocr_line ocrx_word'/>
</head>
<body>
  <div class='ocr_page' id='page_1' title='image "./corpusscriptoru10wissgoog/corpusscriptoru10wissgoog_0439.png"; bbox 0 0 2992 4967; ppageno 0'>
   <div class='ocr_carea' id='block_1_1' title="bbox 376 386 1222 461">
    <p class='ocr_par' dir='ltr' id='par_1_1' title="bbox 376 386 1222 461">
     <span class='ocr_line' id='line_1_1' title="bbox 376 386 1222 461; baseline 0.005 -19"><span class='ocrx_word' id='word_1_1' title='bbox 376 386 491 458; x_wconf 90' lang='lat' dir='ltr'><strong>Opusc.</strong></span> <span class='ocrx_word' id='word_1_2' title='bbox 510 386 548 442; x_wconf 93' lang='lat' dir='ltr'><strong>II.</strong></span> <span class='ocrx_word' id='word_1_3' title='bbox 568 386 724 443; x_wconf 76' lang='lat' dir='ltr'><strong>Libellus</strong></span> <span class='ocrx_word' id='word_1_4' title='bbox 742 405 799 459; x_wconf 88' lang='lat' dir='ltr'><strong>pro</strong></span> <span class='ocrx_word' id='word_1_5' title='bbox 816 389 950 460; x_wconf 81' lang='lat' dir='ltr'><strong>syuodo.</strong></span> <span class='ocrx_word' id='word_1_6' title='bbox 1159 394 1222 461; x_wconf 71' lang='lat' dir='ltr'><strong>30ti</strong></span> 
     </span>
    </p>
   </div>
   <div class='ocr_carea' id='block_1_2' title="bbox 57 560 1223 2822">
    <p class='ocr_par' dir='ltr' id='par_1_2' title="bbox 57 560 1223 2822">
     <span class='ocr_line' id='line_1_2' title="bbox 100 560 1223 665; baseline 0.007 -24"><span class='ocrx_word' id='word_1_7' title='bbox 100 578 201 661; x_wconf 83' lang='lat' dir='ltr'><strong>magis</strong></span> <span class='ocrx_word' id='word_1_8' title='bbox 236 560 407 659; x_wconf 73' lang='lat' dir='ltr'><strong>expectatio</strong></span> <span class='ocrx_word' id='word_1_9' title='bbox 440 594 533 661; x_wconf 90' lang='lat' dir='ltr'><strong>quam</strong></span> <span class='ocrx_word' id='word_1_10' title='bbox 566 577 651 645; x_wconf 80' lang='lat' dir='ltr'><strong>furor</strong></span> <span class='ocrx_word' id='word_1_11' title='bbox 683 578 850 646; x_wconf 79' lang='lat' dir='ltr'><strong>euocauit?</strong></span> <span class='ocrx_word' id='word_1_12' title='bbox 882 580 1088 665; x_wconf 78' lang='lat' dir='ltr'><strong>quisquamne</strong></span> <span class='ocrx_word' id='word_1_13' title='bbox 1115 581 1154 647; x_wconf 91' lang='lat' dir='ltr'><strong>ad</strong></span> <span class='ocrx_word' id='word_1_14' title='bbox 1174 583 1223 649; x_wconf 92' lang='lat' dir='ltr'><strong>in-</strong></span> 
     </span>
     <span class='ocr_line' id='line_1_3' title="bbox 100 678 1223 769; baseline 0.005 -24"><span class='ocrx_word' id='word_1_15' title='bbox 100 678 261 745; x_wconf 82' lang='lat' dir='ltr'><strong>ferendam</strong></span> <span class='ocrx_word' id='word_1_16' title='bbox 292 680 476 769; x_wconf 89' lang='lat' dir='ltr'><strong>uiolentiam</strong></span> <span class='ocrx_word' id='word_1_17' title='bbox 507 699 630 747; x_wconf 88' lang='lat' dir='ltr'><strong>currens</strong></span> <span class='ocrx_word' id='word_1_18' title='bbox 658 682 802 748; x_wconf 90' lang='lat' dir='ltr'><strong>lacrimas</strong></span> <span class='ocrx_word' id='word_1_19' title='bbox 834 682 964 750; x_wconf 90' lang='lat' dir='ltr'><strong>comites</strong></span> <span class='ocrx_word' id='word_1_20' title='bbox 986 684 1082 749; x_wconf 88' lang='lat' dir='ltr'><strong>habet</strong></span> <span class='ocrx_word' id='word_1_21' title='bbox 1111 686 1223 768; x_wconf 88' lang='lat' dir='ltr'><strong>etqui</strong></span> 
     </span>
     <span class='ocr_line' id='line_1_4' title="bbox 99 780 1223 856; baseline 0.005 -8"><span class='ocrx_word' id='word_1_22' title='bbox 99 783 209 848; x_wconf 87' lang='lat' dir='ltr'><strong>studet</strong></span> <span class='ocrx_word' id='word_1_23' title='bbox 232 798 298 846; x_wconf 90' lang='lat' dir='ltr'><strong>osse</strong></span> <span class='ocrx_word' id='word_1_24' title='bbox 322 780 480 848; x_wconf 87' lang='lat' dir='ltr'><strong>formidini</strong></span> <span class='ocrx_word' id='word_1_25' title='bbox 496 784 619 856; x_wconf 89' lang='lat' dir='ltr'><strong>uultum</strong></span> <span class='ocrx_word' id='word_1_26' title='bbox 635 784 777 853; x_wconf 86' lang='lat' dir='ltr'><strong>timentis</strong></span> <span class='ocrx_word' id='word_1_27' title='bbox 798 786 957 853; x_wconf 81' lang='lat' dir='ltr'><strong>ostendit?</strong></span> <span class='ocrx_word' id='word_1_28' title='bbox 980 786 1151 855; x_wconf 89' lang='lat' dir='ltr'><strong>multitudo</strong></span> <span class='ocrx_word' id='word_1_29' title='bbox 1167 786 1223 854; x_wconf 87' lang='lat' dir='ltr'><strong>ille</strong></span> 
     </span>
     <span class='ocr_line' id='line_1_5' title="bbox 98 878 1222 970; baseline 0.004 -19"><span class='ocrx_word' id='word_1_30' title='bbox 98 888 208 952; x_wconf 90' lang='lat' dir='ltr'><strong>iuncta</strong></span> <span class='ocrx_word' id='word_1_31' title='bbox 239 886 405 952; x_wconf 88' lang='lat' dir='ltr'><strong>sacerdotis</strong></span> <span class='ocrx_word' id='word_1_32' title='bbox 434 884 545 952; x_wconf 83' lang='lat' dir='ltr'><strong>officiis</strong></span> <span class='ocrx_word' id='word_1_33' title='bbox 567 884 683 953; x_wconf 86' lang='lat' dir='ltr'><strong>adtulit</strong></span> <span class='ocrx_word' id='word_1_34' title='bbox 705 886 744 953; x_wconf 89' lang='lat' dir='ltr'><strong>ad</strong></span> <span class='ocrx_word' id='word_1_35' title='bbox 767 905 822 954; x_wconf 93' lang='lat' dir='ltr'><strong>nos</strong></span> <span class='ocrx_word' id='word_1_36' title='bbox 851 890 1001 965; x_wconf 88' lang='lat' dir='ltr'><strong>lamenta,</strong></span> <span class='ocrx_word' id='word_1_37' title='bbox 1030 906 1091 954; x_wconf 91' lang='lat' dir='ltr'><strong>non</strong></span> <span class='ocrx_word' id='word_1_38' title='bbox 1113 878 1222 970; x_wconf 73' lang='lat' dir='ltr'><strong>iacula,</strong></span> 
     </span>
     <span class='ocr_line' id='line_1_6' title="bbox 74 987 1223 1071; baseline 0.01 -24"><span class='ocrx_word' id='word_1_39' title='bbox 74 1006 158 1055; x_wconf 81' lang='lat' dir='ltr'><strong>onec</strong></span> <span class='ocrx_word' id='word_1_40' title='bbox 188 988 274 1053; x_wconf 88' lang='lat' dir='ltr'><strong>uenit</strong></span> <span class='ocrx_word' id='word_1_41' title='bbox 303 988 373 1055; x_wconf 89' lang='lat' dir='ltr'><strong>telis</strong></span> <span class='ocrx_word' id='word_1_42' title='bbox 405 990 523 1065; x_wconf 89' lang='lat' dir='ltr'><strong>minax,</strong></span> <span class='ocrx_word' id='word_1_43' title='bbox 556 992 608 1055; x_wconf 92' lang='lat' dir='ltr'><strong>sed</strong></span> <span class='ocrx_word' id='word_1_44' title='bbox 623 988 755 1056; x_wconf 67' lang='lat' dir='ltr'><strong>‘fletibus</strong></span> <span class='ocrx_word' id='word_1_45' title='bbox 777 987 984 1071; x_wconf 87' lang='lat' dir='ltr'><strong>miserabilis,</strong></span> <span class='ocrx_word' id='word_1_46' title='bbox 1014 1010 1077 1057; x_wconf 86' lang='lat' dir='ltr'><strong>une</strong></span> <span class='ocrx_word' id='word_1_47' title='bbox 1098 992 1223 1058; x_wconf 90' lang='lat' dir='ltr'><strong>tentum</strong></span> 
     </span>
     <span class='ocr_line' id='line_1_7' title="bbox 97 1092 1221 1178; baseline 0.004 -21"><span class='ocrx_word' id='word_1_48' title='bbox 97 1092 308 1157; x_wconf 89' lang='lat' dir='ltr'><strong>intentionem</strong></span> <span class='ocrx_word' id='word_1_49' title='bbox 342 1095 480 1159; x_wconf 89' lang='lat' dir='ltr'><strong>uestram</strong></span> <span class='ocrx_word' id='word_1_50' title='bbox 513 1094 718 1164; x_wconf 65' lang='lat' dir='ltr'><strong>ostentatione</strong></span> <span class='ocrx_word' id='word_1_51' title='bbox 752 1094 935 1178; x_wconf 74' lang='lat' dir='ltr'><strong>grauatum,</strong></span> <span class='ocrx_word' id='word_1_52' title='bbox 970 1096 1043 1176; x_wconf 89' lang='lat' dir='ltr'><strong>quia</strong></span> <span class='ocrx_word' id='word_1_53' title='bbox 1076 1096 1221 1161; x_wconf 87' lang='lat' dir='ltr'><strong>uberibus</strong></span> 
     </span>
     <span class='ocr_line' id='line_1_8' title="bbox 99 1192 1222 1283; baseline 0.003 -22"><span class='ocrx_word' id='word_1_54' title='bbox 99 1194 264 1261; x_wconf 90' lang='lat' dir='ltr'><strong>oculorum</strong></span> <span class='ocrx_word' id='word_1_55' title='bbox 287 1192 468 1261; x_wconf 88' lang='lat' dir='ltr'><strong>fluminibus</strong></span> <span class='ocrx_word' id='word_1_56' title='bbox 484 1198 720 1277; x_wconf 80' lang='lat' dir='ltr'><strong>demonstrabat,</strong></span> <span class='ocrx_word' id='word_1_57' title='bbox 744 1215 839 1283; x_wconf 92' lang='lat' dir='ltr'><strong>quam</strong></span> <span class='ocrx_word' id='word_1_58' title='bbox 854 1200 936 1264; x_wconf 90' lang='lat' dir='ltr'><strong>esset</strong></span> <span class='ocrx_word' id='word_1_59' title='bbox 950 1216 1006 1281; x_wconf 88' lang='lat' dir='ltr'><strong>per</strong></span> <span class='ocrx_word' id='word_1_60' title='bbox 1020 1196 1222 1264; x_wconf 79' lang='lat' dir='ltr'><strong>acerbitatem</strong></span> 
     </span>
     <span class='ocr_line' id='line_1_9' title="bbox 97 1297 1221 1383; baseline 0.002 -20"><span class='ocrx_word' id='word_1_61' title='bbox 97 1300 241 1365; x_wconf 80' lang='lat' dir='ltr'><strong>uestrum</strong></span> <span class='ocrx_word' id='word_1_62' title='bbox 271 1297 409 1364; x_wconf 89' lang='lat' dir='ltr'><strong>condicio</strong></span> <span class='ocrx_word' id='word_1_63' title='bbox 440 1298 570 1366; x_wconf 89' lang='lat' dir='ltr'><strong>dolenda</strong></span> <span class='ocrx_word' id='word_1_64' title='bbox 591 1300 723 1383; x_wconf 87' lang='lat' dir='ltr'><strong>pulsati,</strong></span> <span class='ocrx_word' id='word_1_65' title='bbox 755 1304 786 1365; x_wconf 90' lang='lat' dir='ltr'><strong>et</strong></span> <span class='ocrx_word' id='word_1_66' title='bbox 808 1300 841 1365; x_wconf 91' lang='lat' dir='ltr'><strong>in</strong></span> <span class='ocrx_word' id='word_1_67' title='bbox 863 1300 1033 1366; x_wconf 85' lang='lat' dir='ltr'><strong>sobrietate</strong></span> <span class='ocrx_word' id='word_1_68' title='bbox 1055 1300 1221 1367; x_wconf 90' lang='lat' dir='ltr'><strong>uenerandi</strong></span> 
     </span>
     <span class='ocr_line' id='line_1_10' title="bbox 97 1398 1219 1485; baseline 0.004 -20"><span class='ocrx_word' id='word_1_69' title='bbox 97 1398 255 1465; x_wconf 85' lang='lat' dir='ltr'><strong>examinis</strong></span> <span class='ocrx_word' id='word_1_70' title='bbox 290 1399 466 1467; x_wconf 90' lang='lat' dir='ltr'><strong>adflictione</strong></span> <span class='ocrx_word' id='word_1_71' title='bbox 499 1402 624 1485; x_wconf 89' lang='lat' dir='ltr'><strong>propria</strong></span> <span class='ocrx_word' id='word_1_72' title='bbox 657 1400 896 1469; x_wconf 84' lang='lat' dir='ltr'><strong>commendabat</strong></span> <span class='ocrx_word' id='word_1_73' title='bbox 929 1419 1021 1484; x_wconf 87' lang='lat' dir='ltr'><strong>quem</strong></span> <span class='ocrx_word' id='word_1_74' title='bbox 1054 1419 1127 1468; x_wconf 93' lang='lat' dir='ltr'><strong>uoce</strong></span> <span class='ocrx_word' id='word_1_75' title='bbox 1160 1420 1219 1469; x_wconf 90' lang='lat' dir='ltr'><strong>uon</strong></span> 
     </span>
     <span class='ocr_line' id='line_1_11' title="bbox 59 1501 1221 1588; baseline 0.009 -27"><span class='ocrx_word' id='word_1_76' title='bbox 59 1506 231 1586; x_wconf 79' lang='lat' dir='ltr'><strong>nopoteret.</strong></span> <span class='ocrx_word' id='word_1_77' title='bbox 269 1503 323 1567; x_wconf 90' lang='lat' dir='ltr'><strong>sed</strong></span> <span class='ocrx_word' id='word_1_78' title='bbox 352 1501 473 1569; x_wconf 90' lang='lat' dir='ltr'><strong>habetis</strong></span> <span class='ocrx_word' id='word_1_79' title='bbox 501 1504 703 1569; x_wconf 79' lang='lat' dir='ltr'><strong>manifestum</strong></span> <span class='ocrx_word' id='word_1_80' title='bbox 733 1523 769 1569; x_wconf 92' lang='lat' dir='ltr'><strong>ex</strong></span> <span class='ocrx_word' id='word_1_81' title='bbox 795 1504 854 1571; x_wconf 88' lang='lat' dir='ltr'><strong>bac</strong></span> <span class='ocrx_word' id='word_1_82' title='bbox 881 1524 914 1570; x_wconf 89' lang='lat' dir='ltr'><strong>re</strong></span> <span class='ocrx_word' id='word_1_83' title='bbox 939 1506 992 1588; x_wconf 92' lang='lat' dir='ltr'><strong>qui</strong></span> <span class='ocrx_word' id='word_1_84' title='bbox 1014 1504 1113 1571; x_wconf 90' lang='lat' dir='ltr'><strong>bilem</strong></span> <span class='ocrx_word' id='word_1_85' title='bbox 1135 1506 1221 1572; x_wconf 78' lang='lat' dir='ltr'><strong>furor</strong></span> 
     </span>
     <span class='ocr_line' id='line_1_12' title="bbox 95 1605 1220 1693; baseline 0.004 -23"><span class='ocrx_word' id='word_1_86' title='bbox 95 1607 258 1687; x_wconf 88' lang='lat' dir='ltr'><strong>accendat,</strong></span> <span class='ocrx_word' id='word_1_87' title='bbox 281 1606 355 1688; x_wconf 88' lang='lat' dir='ltr'><strong>quie</strong></span> <span class='ocrx_word' id='word_1_88' title='bbox 376 1624 471 1687; x_wconf 86' lang='lat' dir='ltr'><strong>paene</strong></span> <span class='ocrx_word' id='word_1_89' title='bbox 492 1605 654 1672; x_wconf 88' lang='lat' dir='ltr'><strong>absolutus</strong></span> <span class='ocrx_word' id='word_1_90' title='bbox 676 1606 714 1673; x_wconf 90' lang='lat' dir='ltr'><strong>ad</strong></span> <span class='ocrx_word' id='word_1_91' title='bbox 733 1606 850 1674; x_wconf 86' lang='lat' dir='ltr'><strong>iudicia</strong></span> <span class='ocrx_word' id='word_1_92' title='bbox 872 1608 968 1687; x_wconf 87' lang='lat' dir='ltr'><strong>uenit,</strong></span> <span class='ocrx_word' id='word_1_93' title='bbox 991 1626 1047 1691; x_wconf 92' lang='lat' dir='ltr'><strong>pro</strong></span> <span class='ocrx_word' id='word_1_94' title='bbox 1061 1627 1120 1693; x_wconf 92' lang='lat' dir='ltr'><strong>quo</strong></span> <span class='ocrx_word' id='word_1_95' title='bbox 1137 1609 1220 1676; x_wconf 89' lang='lat' dir='ltr'><strong>orbis</strong></span> 
     </span>
     <span class='ocr_line' id='line_1_13' title="bbox 96 1708 1220 1794; baseline 0.004 -20"><span class='ocrx_word' id='word_1_96' title='bbox 96 1708 294 1793; x_wconf 79' lang='lat' dir='ltr'><strong>inlacrimat,</strong></span> <span class='ocrx_word' id='word_1_97' title='bbox 324 1711 355 1774; x_wconf 88' lang='lat' dir='ltr'><strong>et</strong></span> <span class='ocrx_word' id='word_1_98' title='bbox 383 1710 458 1774; x_wconf 91' lang='lat' dir='ltr'><strong>dum</strong></span> <span class='ocrx_word' id='word_1_99' title='bbox 480 1709 573 1775; x_wconf 88' lang='lat' dir='ltr'><strong>rebus</strong></span> <span class='ocrx_word' id='word_1_100' title='bbox 595 1712 778 1775; x_wconf 85' lang='lat' dir='ltr'><strong>extraneam</strong></span> <span class='ocrx_word' id='word_1_101' title='bbox 800 1710 835 1776; x_wconf 92' lang='lat' dir='ltr'><strong>iu</strong></span> <span class='ocrx_word' id='word_1_102' title='bbox 855 1711 1049 1794; x_wconf 89' lang='lat' dir='ltr'><strong>praedictum</strong></span> <span class='ocrx_word' id='word_1_103' title='bbox 1069 1711 1220 1779; x_wconf 88' lang='lat' dir='ltr'><strong>inuidiam</strong></span> 
     </span>
     <span class='ocr_line' id='line_1_14' title="bbox 95 1810 1220 1896; baseline 0.005 -18"><span class='ocrx_word' id='word_1_104' title='bbox 95 1828 242 1878; x_wconf 87' lang='lat' dir='ltr'><strong>sermone</strong></span> <span class='ocrx_word' id='word_1_105' title='bbox 276 1810 440 1894; x_wconf 79' lang='lat' dir='ltr'><strong>colligitis,</strong></span> <span class='ocrx_word' id='word_1_106' title='bbox 476 1812 633 1896; x_wconf 85' lang='lat' dir='ltr'><strong>paulisper</strong></span> <span class='ocrx_word' id='word_1_107' title='bbox 660 1814 854 1879; x_wconf 89' lang='lat' dir='ltr'><strong>reuerentiae</strong></span> <span class='ocrx_word' id='word_1_108' title='bbox 882 1816 1004 1879; x_wconf 89' lang='lat' dir='ltr'><strong>nostrae</strong></span> <span class='ocrx_word' id='word_1_109' title='bbox 1034 1815 1087 1881; x_wconf 90' lang='lat' dir='ltr'><strong>diu</strong></span> <span class='ocrx_word' id='word_1_110' title='bbox 1117 1816 1220 1884; x_wconf 90' lang='lat' dir='ltr'><strong>ceruix</strong></span> 
     </span>
     <span class='ocr_line' id='line_1_15' title="bbox 95 1914 1218 2001; baseline 0.004 -20"><span class='ocrx_word' id='word_1_111' title='bbox 95 1914 235 2001; x_wconf 87' lang='lat' dir='ltr'><strong>superba</strong></span> <span class='ocrx_word' id='word_1_112' title='bbox 249 1914 458 1981; x_wconf 87' lang='lat' dir='ltr'><strong>submittitur.</strong></span> <span class='ocrx_word' id='word_1_113' title='bbox 481 1932 602 1980; x_wconf 88' lang='lat' dir='ltr'><strong>sacram</strong></span> <span class='ocrx_word' id='word_1_114' title='bbox 618 1916 701 1981; x_wconf 91' lang='lat' dir='ltr'><strong>enim</strong></span> <span class='ocrx_word' id='word_1_115' title='bbox 715 1918 985 2001; x_wconf 80' lang='lat' dir='ltr'><strong>congregationem</strong></span> <span class='ocrx_word' id='word_1_116' title='bbox 1001 1923 1075 1985; x_wconf 88' lang='lat' dir='ltr'><strong>tunc</strong></span> <span class='ocrx_word' id='word_1_117' title='bbox 1090 1921 1218 2001; x_wconf 76' lang='lat' dir='ltr'><strong>uocatis</strong></span> 
     </span>
     <span class='ocr_line' id='line_1_16' title="bbox 58 2016 1220 2105; baseline 0.006 -22"><span class='ocrx_word' id='word_1_118' title='bbox 58 2018 224 2103; x_wconf 70' lang='lat' dir='ltr'><strong>equando</strong></span> <span class='ocrx_word' id='word_1_119' title='bbox 247 2018 447 2083; x_wconf 85' lang='lat' dir='ltr'><strong>extinctorem</strong></span> <span class='ocrx_word' id='word_1_120' title='bbox 476 2020 618 2084; x_wconf 88' lang='lat' dir='ltr'><strong>nostrum</strong></span> <span class='ocrx_word' id='word_1_121' title='bbox 642 2016 862 2101; x_wconf 75' lang='lat' dir='ltr'><strong>Symmachum</strong></span> <span class='ocrx_word' id='word_1_122' title='bbox 889 2020 987 2085; x_wconf 87' lang='lat' dir='ltr'><strong>uultis</strong></span> <span class='ocrx_word' id='word_1_123' title='bbox 1017 2022 1165 2105; x_wconf 85' lang='lat' dir='ltr'><strong>adserere,</strong></span> <span class='ocrx_word' id='word_1_124' title='bbox 1188 2029 1220 2090; x_wconf 89' lang='lat' dir='ltr'><strong>ct</strong></span> 
     </span>
     <span class='ocr_line' id='line_1_17' title="bbox 95 2120 1219 2207; baseline 0.004 -20"><span class='ocrx_word' id='word_1_125' title='bbox 95 2122 220 2189; x_wconf 85' lang='lat' dir='ltr'><strong>crudeli</strong></span> <span class='ocrx_word' id='word_1_126' title='bbox 242 2120 359 2206; x_wconf 88' lang='lat' dir='ltr'><strong>pietate</strong></span> <span class='ocrx_word' id='word_1_127' title='bbox 381 2120 492 2187; x_wconf 89' lang='lat' dir='ltr'><strong>honori</strong></span> <span class='ocrx_word' id='word_1_128' title='bbox 515 2126 620 2186; x_wconf 87' lang='lat' dir='ltr'><strong>nostro</strong></span> <span class='ocrx_word' id='word_1_129' title='bbox 643 2122 761 2204; x_wconf 90' lang='lat' dir='ltr'><strong>putatis</strong></span> <span class='ocrx_word' id='word_1_130' title='bbox 780 2121 956 2189; x_wconf 85' lang='lat' dir='ltr'><strong>adcrescere</strong></span> <span class='ocrx_word' id='word_1_131' title='bbox 979 2125 1060 2207; x_wconf 91' lang='lat' dir='ltr'><strong>quod</strong></span> <span class='ocrx_word' id='word_1_132' title='bbox 1081 2126 1219 2192; x_wconf 87' lang='lat' dir='ltr'><strong>residens</strong></span> 
     </span>
     <span class='ocr_line' id='line_1_18' title="bbox 94 2222 1218 2309; baseline 0.004 -20"><span class='ocrx_word' id='word_1_133' title='bbox 94 2224 130 2303; x_wconf 83' lang='lat' dir='ltr'><strong>in</strong></span> <span class='ocrx_word' id='word_1_134' title='bbox 155 2222 357 2289; x_wconf 89' lang='lat' dir='ltr'><strong>ecclesiarum</strong></span> <span class='ocrx_word' id='word_1_135' title='bbox 380 2240 449 2288; x_wconf 86' lang='lat' dir='ltr'><strong>arce</strong></span> <span class='ocrx_word' id='word_1_136' title='bbox 471 2224 651 2309; x_wconf 89' lang='lat' dir='ltr'><strong>perdiderit.</strong></span> <span class='ocrx_word' id='word_1_137' title='bbox 683 2242 737 2289; x_wconf 88' lang='lat' dir='ltr'><strong>nos</strong></span> <span class='ocrx_word' id='word_1_138' title='bbox 752 2224 815 2290; x_wconf 87' lang='lat' dir='ltr'><strong>ista</strong></span> <span class='ocrx_word' id='word_1_139' title='bbox 830 2243 891 2290; x_wconf 89' lang='lat' dir='ltr'><strong>non</strong></span> <span class='ocrx_word' id='word_1_140' title='bbox 913 2227 1015 2292; x_wconf 92' lang='lat' dir='ltr'><strong>solum</strong></span> <span class='ocrx_word' id='word_1_141' title='bbox 1037 2245 1098 2302; x_wconf 89' lang='lat' dir='ltr'><strong>non</strong></span> <span class='ocrx_word' id='word_1_142' title='bbox 1119 2230 1218 2295; x_wconf 68' lang='lat' dir='ltr'><strong>senm-</strong></span> 
     </span>
     <span class='ocr_line' id='line_1_19' title="bbox 93 2326 1218 2413; baseline 0.005 -20"><span class='ocrx_word' id='word_1_143' title='bbox 93 2346 186 2406; x_wconf 89' lang='lat' dir='ltr'><strong>mus‚</strong></span> <span class='ocrx_word' id='word_1_144' title='bbox 217 2329 274 2400; x_wconf 64' lang='lat' dir='ltr'><strong>⁴sed</strong></span> <span class='ocrx_word' id='word_1_145' title='bbox 308 2326 431 2392; x_wconf 87' lang='lat' dir='ltr'><strong>diuersa</strong></span> <span class='ocrx_word' id='word_1_146' title='bbox 452 2326 621 2393; x_wconf 88' lang='lat' dir='ltr'><strong>sentimus:</strong></span> <span class='ocrx_word' id='word_1_147' title='bbox 656 2327 695 2392; x_wconf 88' lang='lat' dir='ltr'><strong>ad</strong></span> <span class='ocrx_word' id='word_1_148' title='bbox 723 2328 802 2393; x_wconf 91' lang='lat' dir='ltr'><strong>alios</strong></span> <span class='ocrx_word' id='word_1_149' title='bbox 830 2330 931 2413; x_wconf 86' lang='lat' dir='ltr'><strong>magis</strong></span> <span class='ocrx_word' id='word_1_150' title='bbox 956 2330 1075 2397; x_wconf 88' lang='lat' dir='ltr'><strong>tutelae</strong></span> <span class='ocrx_word' id='word_1_151' title='bbox 1096 2334 1218 2399; x_wconf 88' lang='lat' dir='ltr'><strong>uestrae</strong></span> 
     </span>
     <span class='ocr_line' id='line_1_20' title="bbox 93 2430 1219 2520; baseline 0.005 -25"><span class='ocrx_word' id='word_1_152' title='bbox 93 2436 221 2497; x_wconf 85' lang='lat' dir='ltr'><strong>uenena</strong></span> <span class='ocrx_word' id='word_1_153' title='bbox 254 2431 436 2495; x_wconf 87' lang='lat' dir='ltr'><strong>conuertito.</strong></span> <span class='ocrx_word' id='word_1_154' title='bbox 480 2447 541 2494; x_wconf 90' lang='lat' dir='ltr'><strong>non</strong></span> <span class='ocrx_word' id='word_1_155' title='bbox 574 2430 666 2496; x_wconf 89' lang='lat' dir='ltr'><strong>babet</strong></span> <span class='ocrx_word' id='word_1_156' title='bbox 706 2430 920 2497; x_wconf 86' lang='lat' dir='ltr'><strong>testimoninm</strong></span> <span class='ocrx_word' id='word_1_157' title='bbox 958 2433 1126 2503; x_wconf 84' lang='lat' dir='ltr'><strong>defensoris</strong></span> <span class='ocrx_word' id='word_1_158' title='bbox 1165 2438 1219 2520; x_wconf 90' lang='lat' dir='ltr'><strong>qui</strong></span> 
     </span>
     <span class='ocr_line' id='line_1_21' title="bbox 57 2531 1219 2621; baseline 0.012 -30"><span class='ocrx_word' id='word_1_159' title='bbox 57 2534 287 2617; x_wconf 83' lang='lat' dir='ltr'><strong>aorepugncnti</strong></span> <span class='ocrx_word' id='word_1_160' title='bbox 315 2531 458 2616; x_wconf 85' lang='lat' dir='ltr'><strong>inpendit</strong></span> <span class='ocrx_word' id='word_1_161' title='bbox 488 2534 548 2597; x_wconf 91' lang='lat' dir='ltr'><strong>oris</strong></span> <span class='ocrx_word' id='word_1_162' title='bbox 572 2533 767 2615; x_wconf 88' lang='lat' dir='ltr'><strong>obsequium:</strong></span> <span class='ocrx_word' id='word_1_163' title='bbox 801 2536 903 2617; x_wconf 87' lang='lat' dir='ltr'><strong>perdit</strong></span> <span class='ocrx_word' id='word_1_164' title='bbox 925 2553 1019 2618; x_wconf 88' lang='lat' dir='ltr'><strong>qnam</strong></span> <span class='ocrx_word' id='word_1_165' title='bbox 1041 2556 1107 2602; x_wconf 89' lang='lat' dir='ltr'><strong>esse</strong></span> <span class='ocrx_word' id='word_1_166' title='bbox 1128 2542 1219 2621; x_wconf 91' lang='lat' dir='ltr'><strong>putet</strong></span> 
     </span>
     <span class='ocr_line' id='line_1_22' title="bbox 92 2632 1219 2721; baseline 0.003 -18"><span class='ocrx_word' id='word_1_167' title='bbox 92 2632 240 2703; x_wconf 88' lang='lat' dir='ltr'><strong>beneficii</strong></span> <span class='ocrx_word' id='word_1_168' title='bbox 270 2638 405 2719; x_wconf 84' lang='lat' dir='ltr'><strong>gratiam</strong></span> <span class='ocrx_word' id='word_1_169' title='bbox 438 2636 492 2719; x_wconf 90' lang='lat' dir='ltr'><strong>qui</strong></span> <span class='ocrx_word' id='word_1_170' title='bbox 525 2634 643 2720; x_wconf 86' lang='lat' dir='ltr'><strong>aliquid</strong></span> <span class='ocrx_word' id='word_1_171' title='bbox 671 2639 811 2721; x_wconf 88' lang='lat' dir='ltr'><strong>praestat</strong></span> <span class='ocrx_word' id='word_1_172' title='bbox 838 2636 954 2716; x_wconf 90' lang='lat' dir='ltr'><strong>inuito,</strong></span> <span class='ocrx_word' id='word_1_173' title='bbox 989 2641 1062 2720; x_wconf 84' lang='lat' dir='ltr'><strong>quia</strong></span> <span class='ocrx_word' id='word_1_174' title='bbox 1088 2645 1219 2707; x_wconf 91' lang='lat' dir='ltr'><strong>nonest</strong></span> 
     </span>
     <span class='ocr_line' id='line_1_23' title="bbox 93 2739 670 2822; baseline -0.003 -17"><span class='ocrx_word' id='word_1_175' title='bbox 93 2758 211 2805; x_wconf 90' lang='lat' dir='ltr'><strong>munus</strong></span> <span class='ocrx_word' id='word_1_176' title='bbox 234 2740 294 2805; x_wconf 92' lang='lat' dir='ltr'><strong>nisi</strong></span> <span class='ocrx_word' id='word_1_177' title='bbox 317 2739 398 2822; x_wconf 92' lang='lat' dir='ltr'><strong>quod</strong></span> <span class='ocrx_word' id='word_1_178' title='bbox 420 2739 499 2805; x_wconf 91' lang='lat' dir='ltr'><strong>uelis</strong></span> <span class='ocrx_word' id='word_1_179' title='bbox 523 2742 670 2822; x_wconf 88' lang='lat' dir='ltr'><strong>accipere.</strong></span> 
     </span>
    </p>
   </div>
   <div class='ocr_carea' id='block_1_3' title="bbox 58 2858 1218 3359">
    <p class='ocr_par' dir='ltr' id='par_1_3' title="bbox 58 2858 1218 3359">
     <span class='ocr_line' id='line_1_24' title="bbox 140 2858 1217 2944; baseline 0.007 -21"><span class='ocrx_word' id='word_1_180' title='bbox 140 2858 234 2926; x_wconf 85' lang='lat' dir='ltr'><strong>Nunc</strong></span> <span class='ocrx_word' id='word_1_181' title='bbox 255 2859 348 2943; x_wconf 85' lang='lat' dir='ltr'><strong>lunga</strong></span> <span class='ocrx_word' id='word_1_182' title='bbox 370 2878 431 2923; x_wconf 91' lang='lat' dir='ltr'><strong>uon</strong></span> <span class='ocrx_word' id='word_1_183' title='bbox 455 2876 531 2944; x_wconf 90' lang='lat' dir='ltr'><strong>opus</strong></span> <span class='ocrx_word' id='word_1_184' title='bbox 554 2862 602 2925; x_wconf 89' lang='lat' dir='ltr'><strong>ost</strong></span> <span class='ocrx_word' id='word_1_185' title='bbox 625 2860 834 2926; x_wconf 89' lang='lat' dir='ltr'><strong>admonitione</strong></span> <span class='ocrx_word' id='word_1_186' title='bbox 855 2860 918 2926; x_wconf 87' lang='lat' dir='ltr'><strong>iam</strong></span> <span class='ocrx_word' id='word_1_187' title='bbox 944 2862 1089 2943; x_wconf 89' lang='lat' dir='ltr'><strong>perditis:</strong></span> <span class='ocrx_word' id='word_1_188' title='bbox 1112 2864 1217 2931; x_wconf 91' lang='lat' dir='ltr'><strong>odium</strong></span> 
     </span>
     <span class='ocr_line' id='line_1_25' title="bbox 93 2962 1215 3048; baseline 0.004 -18"><span class='ocrx_word' id='word_1_189' title='bbox 93 2962 246 3031; x_wconf 90' lang='lat' dir='ltr'><strong>debemus</strong></span> <span class='ocrx_word' id='word_1_190' title='bbox 270 2962 363 3045; x_wconf 88' lang='lat' dir='ltr'><strong>operi,</strong></span> <span class='ocrx_word' id='word_1_191' title='bbox 387 2964 424 3027; x_wconf 90' lang='lat' dir='ltr'><strong>de</strong></span> <span class='ocrx_word' id='word_1_192' title='bbox 447 2964 535 3027; x_wconf 83' lang='lat' dir='ltr'><strong>emus</strong></span> <span class='ocrx_word' id='word_1_193' title='bbox 558 2962 620 3027; x_wconf 91' lang='lat' dir='ltr'><strong>iam</strong></span> <span class='ocrx_word' id='word_1_194' title='bbox 638 2981 700 3028; x_wconf 91' lang='lat' dir='ltr'><strong>non</strong></span> <span class='ocrx_word' id='word_1_195' title='bbox 716 2966 856 3047; x_wconf 89' lang='lat' dir='ltr'><strong>superest</strong></span> <span class='ocrx_word' id='word_1_196' title='bbox 870 2964 951 3048; x_wconf 90' lang='lat' dir='ltr'><strong>quod</strong></span> <span class='ocrx_word' id='word_1_197' title='bbox 966 2966 1127 3033; x_wconf 89' lang='lat' dir='ltr'><strong>damnetur</strong></span> <span class='ocrx_word' id='word_1_198' title='bbox 1143 2987 1215 3035; x_wconf 92' lang='lat' dir='ltr'><strong>auc·</strong></span> 
     </span>
     <span class='ocr_line' id='line_1_26' title="bbox 58 3062 1217 3154; baseline 0.009 -27"><span class='ocrx_word' id='word_1_199' title='bbox 58 3062 226 3131; x_wconf 70' lang='lat' dir='ltr'><strong>uteribus.</strong></span> <span class='ocrx_word' id='word_1_200' title='bbox 261 3064 429 3129; x_wconf 91' lang='lat' dir='ltr'><strong>mulierum</strong></span> <span class='ocrx_word' id='word_1_201' title='bbox 447 3064 555 3131; x_wconf 89' lang='lat' dir='ltr'><strong>turbas</strong></span> <span class='ocrx_word' id='word_1_202' title='bbox 572 3067 714 3132; x_wconf 88' lang='lat' dir='ltr'><strong>adseritis</strong></span> <span class='ocrx_word' id='word_1_203' title='bbox 731 3065 858 3133; x_wconf 87' lang='lat' dir='ltr'><strong>urbanis</strong></span> <span class='ocrx_word' id='word_1_204' title='bbox 873 3066 1026 3134; x_wconf 88' lang='lat' dir='ltr'><strong>coloribus</strong></span> <span class='ocrx_word' id='word_1_205' title='bbox 1042 3089 1112 3136; x_wconf 90' lang='lat' dir='ltr'><strong>cum</strong></span> <span class='ocrx_word' id='word_1_206' title='bbox 1127 3089 1217 3154; x_wconf 88' lang='lat' dir='ltr'><strong>prae·</strong></span> 
     </span>
     <span class='ocr_line' id='line_1_27' title="bbox 94 3165 1218 3247; baseline 0.006 -13"><span class='ocrx_word' id='word_1_207' title='bbox 94 3170 164 3234; x_wconf 82' lang='lat' dir='ltr'><strong>sato</strong></span> <span class='ocrx_word' id='word_1_208' title='bbox 187 3165 224 3232; x_wconf 88' lang='lat' dir='ltr'><strong>ad</strong></span> <span class='ocrx_word' id='word_1_209' title='bbox 247 3166 362 3233; x_wconf 90' lang='lat' dir='ltr'><strong>iudicia</strong></span> <span class='ocrx_word' id='word_1_210' title='bbox 384 3167 573 3247; x_wconf 81' lang='lat' dir='ltr'><strong>conuenisse,</strong></span> <span class='ocrx_word' id='word_1_211' title='bbox 597 3171 630 3235; x_wconf 88' lang='lat' dir='ltr'><strong>et</strong></span> <span class='ocrx_word' id='word_1_212' title='bbox 644 3169 700 3241; x_wconf 86' lang='lat' dir='ltr'><strong>illa</strong></span> <span class='ocrx_word' id='word_1_213' title='bbox 722 3170 828 3235; x_wconf 85' lang='lat' dir='ltr'><strong>uestra</strong></span> <span class='ocrx_word' id='word_1_214' title='bbox 848 3171 1218 3241; x_wconf 81' lang='lat' dir='ltr'><strong>subtilitateostenditur</strong></span> 
     </span>
     <span class='ocr_line' id='line_1_28' title="bbox 93 3270 1217 3359; baseline 0.007 -22"><span class='ocrx_word' id='word_1_215' title='bbox 93 3288 188 3337; x_wconf 86' lang='lat' dir='ltr'><strong>sexus</strong></span> <span class='ocrx_word' id='word_1_216' title='bbox 217 3270 270 3353; x_wconf 93' lang='lat' dir='ltr'><strong>qni</strong></span> <span class='ocrx_word' id='word_1_217' title='bbox 300 3270 449 3337; x_wconf 86' lang='lat' dir='ltr'><strong>maiorem</strong></span> <span class='ocrx_word' id='word_1_218' title='bbox 478 3270 616 3336; x_wconf 87' lang='lat' dir='ltr'><strong>antistiti</strong></span> <span class='ocrx_word' id='word_1_219' title='bbox 638 3271 798 3339; x_wconf 85' lang='lat' dir='ltr'><strong>debuisset</strong></span> <span class='ocrx_word' id='word_1_220' title='bbox 820 3272 973 3342; x_wconf 66' lang='lat' dir='ltr'><strong>odedum.</strong></span> <span class='ocrx_word' id='word_1_221' title='bbox 1009 3275 1217 3359; x_wconf 81' lang='lat' dir='ltr'><strong>profanissimi</strong></span> 
     </span>
    </p>
   </div>
   <div class='ocr_carea' id='block_1_4' title="bbox 149 3524 1215 3586">
    <p class='ocr_par' dir='ltr' id='par_1_4' title="bbox 149 3524 1215 3586">
     <span class='ocr_line' id='line_1_29' title="bbox 149 3524 1215 3586; baseline 0.008 -8"><span class='ocrx_word' id='word_1_222' title='bbox 149 3524 271 3579; x_wconf 85' lang='lat' dir='ltr'><strong>linrore</strong></span> <span class='ocrx_word' id='word_1_223' title='bbox 288 3526 399 3581; x_wconf 88' lang='lat' dir='ltr'><strong>uocauit</strong></span> <span class='ocrx_word' id='word_1_224' title='bbox 416 3526 471 3580; x_wconf 83' lang='lat' dir='ltr'><strong>BT</strong></span> <span class='ocrx_word' id='word_1_225' title='bbox 570 3526 693 3581; x_wconf 76' lang='lat' dir='ltr'><strong>dstudit</strong></span> <span class='ocrx_word' id='word_1_226' title='bbox 710 3527 737 3580; x_wconf 98' lang='grc' dir='ltr'><strong><em>Β</em></strong></span> <span class='ocrx_word' id='word_1_227' title='bbox 839 3528 926 3582; x_wconf 82' lang='lat' dir='ltr'><strong>4nou</strong></span> <span class='ocrx_word' id='word_1_228' title='bbox 943 3545 992 3584; x_wconf 84' lang='lat' dir='ltr'><strong>om.</strong></span> <span class='ocrx_word' id='word_1_229' title='bbox 1011 3528 1039 3585; x_wconf 87' lang='grc' dir='ltr'><strong><em>Β</em></strong></span> <span class='ocrx_word' id='word_1_230' title='bbox 1141 3533 1215 3586; x_wconf 78' lang='lat' dir='ltr'><strong>din·</strong></span> 
     </span>
    </p>
   </div>
   <div class='ocr_carea' id='block_1_5' title="bbox 91 3618 1215 3904">
    <p class='ocr_par' dir='ltr' id='par_1_5' title="bbox 91 3618 1215 3904">
     <span class='ocr_line' id='line_1_30' title="bbox 92 3618 1151 3708; baseline 0.004 -6"><span class='ocrx_word' id='word_1_231' title='bbox 92 3646 215 3702; x_wconf 87' lang='lat' dir='ltr'><strong>tentione</strong></span> <span class='ocrx_word' id='word_1_232' title='bbox 227 3650 345 3703; x_wconf 89' lang='lat' dir='ltr'><strong>uestram</strong></span> <span class='ocrx_word' id='word_1_233' title='bbox 359 3648 565 3703; x_wconf 83' lang='lat' dir='ltr'><strong>ostentationem</strong></span> <span class='ocrx_word' id='word_1_234' title='bbox 583 3647 610 3703; x_wconf 77' lang='lat' dir='ltr'><strong><em>A</em></strong></span> <span class='ocrx_word' id='word_1_235' title='bbox 698 3618 761 3708; x_wconf 54' lang='lat' dir='ltr'><strong>urm</strong></span> <span class='ocrx_word' id='word_1_236' title='bbox 779 3648 805 3703; x_wconf 87' lang='lat' dir='ltr'><em>V</em></span> <span class='ocrx_word' id='word_1_237' title='bbox 896 3633 1110 3705; x_wconf 78' lang='lat' dir='ltr'><strong>iaccerbitatom</strong></span> <span class='ocrx_word' id='word_1_238' title='bbox 1125 3653 1151 3707; x_wconf 94' lang='grc' dir='ltr'><strong><em>Τ</em></strong></span> 
     </span>
     <span class='ocr_line' id='line_1_31' title="bbox 92 3732 1215 3809; baseline 0.004 -21"><span class='ocrx_word' id='word_1_239' title='bbox 92 3734 110 3788; x_wconf 84' lang='grc'>8</span> <span class='ocrx_word' id='word_1_240' title='bbox 139 3732 263 3803; x_wconf 88' lang='lat' dir='ltr'><strong>pulsatus</strong></span> <span class='ocrx_word' id='word_1_241' title='bbox 289 3734 316 3809; x_wconf 79' lang='grc' dir='ltr'><strong><em>Β</em></strong></span> <span class='ocrx_word' id='word_1_242' title='bbox 419 3733 452 3787; x_wconf 88' lang='grc'><strong>10</strong></span> <span class='ocrx_word' id='word_1_243' title='bbox 474 3732 556 3805; x_wconf 84' lang='lat' dir='ltr'><strong>furor]</strong></span> <span class='ocrx_word' id='word_1_244' title='bbox 578 3734 633 3789; x_wconf 85' lang='lat' dir='ltr'><strong>iore</strong></span> <span class='ocrx_word' id='word_1_245' title='bbox 656 3734 684 3789; x_wconf 88' lang='lat' dir='ltr'><em>R</em></span> <span class='ocrx_word' id='word_1_246' title='bbox 785 3735 816 3789; x_wconf 92' lang='lat' dir='ltr'><strong>ll</strong></span> <span class='ocrx_word' id='word_1_247' title='bbox 840 3734 968 3791; x_wconf 69' lang='lat' dir='ltr'><strong>meunt</strong></span> <span class='ocrx_word' id='word_1_248' title='bbox 989 3736 1017 3791; x_wconf 91' lang='grc' dir='ltr'><strong><em>Β</em></strong></span> <span class='ocrx_word' id='word_1_249' title='bbox 1117 3753 1215 3807; x_wconf 86' lang='lat' dir='ltr'><strong>poenae</strong></span> 
     </span>
     <span class='ocr_line' id='line_1_32' title="bbox 91 3818 1215 3904; baseline 0.005 -29"><span class='ocrx_word' id='word_1_250' title='bbox 91 3820 131 3887; x_wconf 86' lang='grc' dir='ltr'><strong>Β,</strong></span> <span class='ocrx_word' id='word_1_251' title='bbox 158 3834 224 3904; x_wconf 83' lang='lat' dir='ltr'><strong>pene</strong></span> <span class='ocrx_word' id='word_1_252' title='bbox 241 3818 297 3900; x_wconf 85' lang='grc' dir='ltr'><strong>ΡΤ</strong></span> <span class='ocrx_word' id='word_1_253' title='bbox 398 3820 430 3875; x_wconf 88' lang='grc'><strong>13</strong></span> <span class='ocrx_word' id='word_1_254' title='bbox 455 3818 592 3903; x_wconf 75' lang='lat' dir='ltr'><strong>collegites</strong></span> <span class='ocrx_word' id='word_1_255' title='bbox 610 3818 684 3886; x_wconf 67' lang='grc' dir='ltr'><strong>ΒΤ,</strong></span> <span class='ocrx_word' id='word_1_256' title='bbox 710 3818 844 3889; x_wconf 74' lang='lat' dir='ltr'><strong>collegitis</strong></span> <span class='ocrx_word' id='word_1_257' title='bbox 865 3822 894 3877; x_wconf 86' lang='lat' dir='ltr'><em>R</em></span> <span class='ocrx_word' id='word_1_258' title='bbox 996 3822 1215 3895; x_wconf 76' lang='lat' dir='ltr'><strong>ceruix—congre</strong></span> 
     </span>
    </p>
   </div>
   <div class='ocr_carea' id='block_1_6' title="bbox 95 3904 1151 3997">
    <p class='ocr_par' dir='ltr' id='par_1_6' title="bbox 95 3904 1151 3997">
     <span class='ocr_line' id='line_1_33' title="bbox 95 3904 1151 3997; baseline 0.003 -3"><span class='ocrx_word' id='word_1_259' title='bbox 95 3940 124 3994; x_wconf 93' lang='grc' dir='ltr'><strong><em>Τ</em></strong></span> <span class='ocrx_word' id='word_1_260' title='bbox 138 3939 237 3995; x_wconf 75' lang='lat' dir='ltr'><strong>inrue.</strong></span> <span class='ocrx_word' id='word_1_261' title='bbox 341 3939 373 3994; x_wconf 83' lang='lat'><strong>14</strong></span> <span class='ocrx_word' id='word_1_262' title='bbox 382 3904 585 3995; x_wconf 54' lang='lat' dir='ltr'><strong>‚rummin</strong></span> <span class='ocrx_word' id='word_1_263' title='bbox 673 3955 748 3994; x_wconf 86' lang='lat' dir='ltr'><strong>sacre</strong></span> <span class='ocrx_word' id='word_1_264' title='bbox 765 3938 826 3993; x_wconf 79' lang='lat' dir='ltr'><strong>Bra</strong></span> <span class='ocrx_word' id='word_1_265' title='bbox 927 3940 961 3995; x_wconf 76' lang='lat'><strong>15</strong></span> <span class='ocrx_word' id='word_1_266' title='bbox 979 3941 1105 3996; x_wconf 81' lang='lat' dir='ltr'><strong>simaeum</strong></span> <span class='ocrx_word' id='word_1_267' title='bbox 1125 3944 1151 3997; x_wconf 86' lang='lat' dir='ltr'><em>T</em></span> 
     </span>
    </p>
   </div>
   <div class='ocr_carea' id='block_1_7' title="bbox 92 4036 1215 4389">
    <p class='ocr_par' dir='ltr' id='par_1_7' title="bbox 92 4036 1215 4389">
     <span class='ocr_line' id='line_1_34' title="bbox 94 4036 1215 4137; baseline 0.008 -26"><span class='ocrx_word' id='word_1_268' title='bbox 94 4058 129 4112; x_wconf 87' lang='grc'><strong>16</strong></span> <span class='ocrx_word' id='word_1_269' title='bbox 152 4060 233 4131; x_wconf 87' lang='lat' dir='ltr'><strong>quod]</strong></span> <span class='ocrx_word' id='word_1_270' title='bbox 252 4060 368 4129; x_wconf 82' lang='lat' dir='ltr'><strong>quieT</strong></span> <span class='ocrx_word' id='word_1_271' title='bbox 468 4064 500 4117; x_wconf 83' lang='lat' dir='ltr'><strong>li</strong></span> <span class='ocrx_word' id='word_1_272' title='bbox 527 4062 680 4118; x_wconf 88' lang='lat' dir='ltr'><strong>eclesiamm</strong></span> <span class='ocrx_word' id='word_1_273' title='bbox 707 4062 765 4137; x_wconf 90' lang='grc' dir='ltr'><strong>ΒΙ</strong></span> <span class='ocrx_word' id='word_1_274' title='bbox 837 4060 943 4116; x_wconf 81' lang='lat' dir='ltr'><strong>arteT</strong></span> <span class='ocrx_word' id='word_1_275' title='bbox 988 4066 993 4073; x_wconf 83' lang='grc'><strong>’</strong></span> <span class='ocrx_word' id='word_1_276' title='bbox 1042 4036 1083 4119; x_wconf 72' lang='lat' dir='ltr'><strong>ita</strong></span> <span class='ocrx_word' id='word_1_277' title='bbox 1105 4066 1145 4130; x_wconf 90' lang='grc' dir='ltr'><strong>Β,</strong></span> <span class='ocrx_word' id='word_1_278' title='bbox 1174 4066 1215 4120; x_wconf 76' lang='lat' dir='ltr'><strong>ita</strong></span> 
     </span>
     <span class='ocr_line' id='line_1_35' title="bbox 93 4144 1147 4206; baseline 0.008 -8"><span class='ocrx_word' id='word_1_279' title='bbox 93 4144 156 4198; x_wconf 85' lang='lat' dir='ltr'><strong>Rm</strong></span> <span class='ocrx_word' id='word_1_280' title='bbox 257 4146 289 4200; x_wconf 90' lang='grc'><strong>21</strong></span> <span class='ocrx_word' id='word_1_281' title='bbox 314 4147 419 4200; x_wconf 89' lang='lat' dir='ltr'><strong>inuitus</strong></span> <span class='ocrx_word' id='word_1_282' title='bbox 442 4147 471 4204; x_wconf 87' lang='grc' dir='ltr'><strong><em>Β</em></strong></span> <span class='ocrx_word' id='word_1_283' title='bbox 572 4148 607 4202; x_wconf 91' lang='grc'><strong>22</strong></span> <span class='ocrx_word' id='word_1_284' title='bbox 631 4148 708 4202; x_wconf 88' lang='lat' dir='ltr'><strong>uallis</strong></span> <span class='ocrx_word' id='word_1_285' title='bbox 730 4146 757 4202; x_wconf 90' lang='lat' dir='ltr'><strong><em>B</em></strong></span> <span class='ocrx_word' id='word_1_286' title='bbox 857 4148 891 4201; x_wconf 82' lang='lat'><strong>23</strong></span> <span class='ocrx_word' id='word_1_287' title='bbox 907 4150 1097 4205; x_wconf 89' lang='lat' dir='ltr'><strong>ammonitione</strong></span> <span class='ocrx_word' id='word_1_288' title='bbox 1118 4151 1147 4206; x_wconf 87' lang='grc' dir='ltr'><strong><em>Β</em></strong></span> 
     </span>
     <span class='ocr_line' id='line_1_36' title="bbox 92 4228 1150 4303; baseline 0.008 -20"><span class='ocrx_word' id='word_1_289' title='bbox 92 4228 222 4297; x_wconf 82' lang='lat' dir='ltr'><strong>pandistis</strong></span> <span class='ocrx_word' id='word_1_290' title='bbox 244 4230 275 4297; x_wconf 88' lang='lat' dir='ltr'><strong>V,</strong></span> <span class='ocrx_word' id='word_1_291' title='bbox 303 4230 460 4301; x_wconf 85' lang='lat' dir='ltr'><strong>perdidistis</strong></span> <span class='ocrx_word' id='word_1_292' title='bbox 478 4228 525 4287; x_wconf 82' lang='lat' dir='ltr'><strong>Pb</strong></span> <span class='ocrx_word' id='word_1_293' title='bbox 627 4234 660 4287; x_wconf 86' lang='grc'><strong>24</strong></span> <span class='ocrx_word' id='word_1_294' title='bbox 678 4233 838 4303; x_wconf 88' lang='lat' dir='ltr'><strong>dampnetur</strong></span> <span class='ocrx_word' id='word_1_295' title='bbox 855 4234 882 4289; x_wconf 82' lang='lat' dir='ltr'><em>R</em></span> <span class='ocrx_word' id='word_1_296' title='bbox 971 4234 1150 4292; x_wconf 71' lang='lat' dir='ltr'><strong>ectefibueT</strong></span> 
     </span>
     <span class='ocr_line' id='line_1_37' title="bbox 93 4315 1175 4389; baseline 0.006 -21"><span class='ocrx_word' id='word_1_297' title='bbox 93 4315 127 4368; x_wconf 82' lang='lat'><strong>25</strong></span> <span class='ocrx_word' id='word_1_298' title='bbox 141 4316 269 4370; x_wconf 86' lang='lat' dir='ltr'><strong>adseretis</strong></span> <span class='ocrx_word' id='word_1_299' title='bbox 282 4316 309 4369; x_wconf 92' lang='grc' dir='ltr'><strong><em>Β</em></strong></span> <span class='ocrx_word' id='word_1_300' title='bbox 403 4316 435 4371; x_wconf 78' lang='grc'><strong>27</strong></span> <span class='ocrx_word' id='word_1_301' title='bbox 449 4317 814 4388; x_wconf 69' lang='lat' dir='ltr'><strong>qui-proimiseimimR</strong></span> <span class='ocrx_word' id='word_1_302' title='bbox 847 4319 850 4330; x_wconf 73' lang='lat'><strong>⁴</strong></span> <span class='ocrx_word' id='word_1_303' title='bbox 899 4320 1108 4389; x_wconf 87' lang='lat' dir='ltr'><strong>prophanissimi</strong></span> <span class='ocrx_word' id='word_1_304' title='bbox 1122 4322 1175 4375; x_wconf 80' lang='lat' dir='ltr'><strong>Tm</strong></span> 
     </span>
    </p>
   </div>
   <div class='ocr_carea' id='block_1_8' title="bbox 1059 4422 1111 4477">
    <p class='ocr_par' dir='ltr' id='par_1_8' title="bbox 1059 4422 1111 4477">
     <span class='ocr_line' id='line_1_38' title="bbox 1059 4422 1111 4477; baseline 0 -23"><span class='ocrx_word' id='word_1_305' title='bbox 1059 4422 1111 4477; x_wconf 64' lang='lat'><strong>20⁸</strong></span> 
     </span>
    </p>
   </div>
   <div class='ocr_carea' id='block_1_9' title="bbox 0 0 1500 4967">
    <p class='ocr_par' dir='ltr' id='par_1_9' title="bbox 0 0 1500 4967">
     <span class='ocr_line' id='line_1_39' title="bbox 0 0 1500 4967; baseline 0 2"><span class='ocrx_word' id='word_1_306' title='bbox 0 0 1500 4967; x_wconf 95' lang='lat' dir='ltr'><strong> </strong></span> 
     </span>
    </p>
   </div>
  </div>
 </body>
</html>
