2992 4967
379 368 492 439 opusc.
509 368 543 425 X.
566 368 771 444 Benedictio
789 369 876 427 cerci
894 370 954 437 (ΙΙ).
1018 421 1022 428 .
1166 372 1229 440 421

93 561 232 635 unicum
253 558 543 633 nobienaerumenci
564 558 656 628 baino
673 558 832 629 colunum.
845 558 1016 639 contulisti,
1038 562 1119 644 quod
1133 578 1231 644 aquus

94 663 233 735 canunt
253 664 383 745 peccatu
403 662 537 732 telluris.
571 680 644 747 ergo
668 662 732 733 ium
753 664 847 746 typus
875 662 1003 731 recedat
1024 668 1056 731 ct
1076 663 1132 747 nui
1152 664 1232 750 ima·

94 765 232 851 pinibus
244 765 512 839 adunabuuernut
523 768 687 851 manantia
701 767 923 835 conticescant.
946 766 980 833 in
994 767 1128 836 sesua
1144 768 1232 835 tene·

95 884 172 938 mus
203 869 353 953 nmquid
382 868 521 937 coinrata
548 868 630 954 logis
656 868 771 937 umbru
797 868 1002 953 promiserat-
1029 874 1154 954 tenpus
1174 875 1232 951 eet,

73 992 165 1056 equo
186 984 318 1057 corpora
339 974 444 1040 nostra
465 972 518 1039 uel
540 972 663 1041 animm
684 972 874 1056 coemptos
894 970 1149 1041 Obristodcriuto
1164 992 1232 1040 mn·

96 1094 196 1143 crone
220 1076 417 1155 dedicentur,
449 1094 509 1158 quc
539 1074 623 1140 salus
645 1093 701 1159 per
722 1076 860 1143 uulnera.
876 1086 939 1143 non
960 1078 1143 1162 canuntur,
1172 1094 1233 1159 quc

97 1178 275 1246 sacerdotis
303 1178 430 1245 dextera
458 1177 591 1245 lanistas
614 1196 691 1263 opus
715 1180 855 1259 abiuret‚
883 1195 944 1262 quo
973 1178 1234 1245 consecrationem

97 1282 239 1365 impleat
260 1282 337 1348 fides
360 1279 488 1365 lympha
511 1280 726 1366 signaculum,
756 1300 816 1365 quo
838 1282 1011 1347 humanum
1033 1299 1131 1366 genno
1153 1283 1234 1347 nuda

98 1381 225 1453 de'cidit
245 1384 316 1451 fons
338 1386 477 1451 reducat.
503 1384 535 1451 iu
558 1384 651 1454 huius
680 1402 754 1467 ergo
779 1384 995 1471 suspiciendae
1012 1384 1110 1451 noctis
1134 1382 1234 1451 officio

63 1488 291 1555 remunerandis
320 1492 513 1572 compactam
541 1489 704 1556 elementis
732 1490 832 1556 dacaru
854 1489 927 1582 tibi,
950 1488 1094 1567 domiue,
1116 1486 1233 1580 manci·

99 1610 228 1677 pamas,
252 1590 284 1656 in
308 1610 369 1676 qna
392 1593 490 1658 bium
513 1593 623 1676 copuia
645 1612 812 1660 munerum
833 1593 972 1677 primum
994 1592 1032 1657 de
1054 1590 1155 1676 inpari
1176 1610 1234 1657 nu·

99 1713 189 1761 mero
214 1694 417 1778 complacebit,
441 1714 518 1780 qnae
542 1699 623 1781 quod
646 1699 743 1783 gratis
767 1698 824 1763 deo
839 1697 946 1762 ueniat
963 1695 1150 1780 auctoribus,
1174 1712 1235 1760 nou

101 1798 242 1864 babetur
262 1799 435 1864 incertum:
458 1817 566 1879 unum,
591 1799 674 1882 quod
696 1802 734 1865 de
756 1797 873 1866 fatibus
895 1798 1060 1865 fluminum
1083 1798 1236 1864 adcednnt

99 1900 302 1967 nutrimenta
329 1901 540 1969 flammarum:
571 1903 660 1969 aliud
682 1902 765 1985 qnod
787 1920 880 1985 apum
908 1901 1024 1968 tribuit
1049 1901 1237 1967 intemerata

66 2004 295 2089 infecunditas,
318 2005 352 2069 in
367 2024 500 2090 quarum
515 2006 666 2089 partubus
681 2005 770 2073 nulla
786 2006 907 2087 patitur
925 2006 1039 2070 damna
1052 2003 1236 2089 uirginitas:

100 2108 188 2191 ignis
213 2109 310 2173 etiam
333 2109 419 2176 caelo
442 2110 564 2176 infensus
595 2110 773 2178 adhibetur.
810 2108 988 2194 redemptor
1009 2109 1093 2173 enim
1114 2106 1237 2190 proprio

103 2230 203 2295 aquus
227 2212 384 2278 dedicauit
406 2213 609 2297 baptismate:
637 2214 851 2297 integritatem
881 2212 988 2296 diligit
1010 2228 1103 2294 qnam
1127 2212 1159 2275 et
1180 2226 1238 2273 na·

101 2314 218 2381 scendo
240 2315 273 2379 in
289 2318 390 2382 matre
405 2319 560 2384 seruauit:
584 2319 621 2383 ut
636 2337 654 2384 a
670 2318 823 2401 propbeta
843 2319 949 2399 poseat
970 2312 1091 2397 inspici,
1114 2312 1239 2379 innocui

103 2434 217 2501 corpus
240 2419 379 2503 suscepit
400 2418 550 2501 incendii,
579 2439 652 2486 cnm
674 2420 836 2487 frondibus
856 2420 890 2485 in
912 2417 988 2484 rubo
1011 2414 1238 2501 crepitantibus

69 2522 197 2587 »nulla
219 2520 319 2587 fnuter
342 2523 533 2589 detrimenta
555 2522 698 2601 sentiret,
722 2541 793 2587 cnm
815 2521 904 2587 arida
920 2521 1071 2603 pabulum
1092 2518 1238 2601 dammis,

104 2625 181 2691 dum
206 2625 435 2706 lamberentur,
464 2625 552 2711 ligno
575 2644 637 2693 non
664 2626 784 2692 fierent.
822 2623 1078 2709 ergoproprinm
1101 2622 1238 2701 tibiaci,

105 2728 247 2811 domiue,
277 2728 425 2813 quicquid
451 2731 483 2795 in
511 2730 571 2795 boc
600 2747 686 2795 cereo
709 2747 871 2795 seruorum
893 2727 1019 2792 tuorum
1041 2724 1239 2809 praeparauit

105 2832 300 2915 obsequium.
323 2834 441 2899 serenis
459 2836 491 2899 in
513 2832 574 2899 isto
589 2832 709 2916 respice
732 2831 832 2899 oculis
853 2832 934 2914 qnod
960 2826 1096 2894 contulit
1117 2826 1239 2894 caelum

105 2935 226 3001 fluenta
251 2934 415 3019 pudicitia.
453 2940 488 3000 tn
518 2936 556 3001 ad
585 2935 785 3003 tribuendam
816 2932 1066 3000 benedictionem
1092 2932 1239 2996 euocatus

160 3231 176 3283 1
189 3244 243 3298 quo
253 3228 317 3295 fort.
415 3227 559 3282 ddelnnnt
571 3224 635 3292 BL,
652 3224 798 3284 dirrcluunc
809 3226 842 3280 in
852 3224 966 3279 delunut
978 3222 1078 3278 deiude
1088 3223 1121 3278 iou
1133 3222 1242 3277 diluunt

110 3330 217 3389 Vccrr.
286 3330 392 3386 telluris
405 3330 582 3397 (tollimus.)
597 3329 624 3384 T
689 3330 765 3399 tipus
777 3328 860 3385 ΜΨ
934 3324 1134 3414 tdsooqncutiu
1148 3326 1174 3380 Τ

107 3436 285 3491 conticiscunt
308 3435 336 3490 Β
439 3434 637 3504 dpormircrat
662 3433 698 3488 T¹
801 3433 918 3503 bquod
941 3434 968 3489 Τ
1066 3426 1241 3497 redemptoris

108 3521 175 3577 ΒΨ
279 3522 446 3593 bonoratur
468 3520 496 3575 Β
599 3520 791 3575 dracerdotcs
811 3519 840 3573 Β
942 3517 1014 3589 qnod
1032 3515 1060 3572 B
1162 3512 1242 3569 tibu-

108 3641 219 3681 manum
243 3626 277 3683 Β
382 3623 526 3680 ddecedit
551 3623 579 3678 Β
683 3612 738 3678 ion'
762 3623 790 3677 L
891 3618 1059 3691 suspiciende
1083 3616 1173 3682 ΒΝ,
1200 3630 1243 3669 ou-

110 3728 242 3798 spitiende
259 3728 288 3787 Β
390 3728 479 3784 uidtio
502 3728 531 3783 Β
635 3727 669 3782 10
686 3715 861 3781 climenti'B
967 3722 1063 3778 daciam
1081 3720 1129 3787 D,
1156 3718 1243 3806 factrc

111 3816 137 3871 T
233 3817 264 3871 11
283 3815 377 3886 inpure
394 3814 423 3868 Β
523 3812 554 3869 lu
572 3811 754 3882 complacabat
776 3811 811 3867 V¹
913 3824 967 3879 qua
984 3808 1056 3879 qnod
1074 3821 1091 3860 a
1107 3808 1172 3875 fort.

110 3906 168 3976 ‘dac
189 3923 215 3977 Τ
298 3918 482 3977 uctoribnsT
567 3916 600 3973 1³
617 3922 655 3971 ub
677 3917 712 3973 Τ*
798 3913 917 3970 foetibus
936 3912 993 3969 LV
1078 3910 1112 3967 lb
1129 3910 1244 3979 dampna

113 4004 195 4063 m
295 4009 329 4063 18
351 4005 455 4077 profatu
473 4009 498 4075 (e
516 4020 551 4061 cu
568 4004 579 4060 i
598 4006 677 4071 coru.)
701 4002 730 4057 Β
836 4000 870 4055 no
887 3998 1006 4056 incendii
1024 3998 1065 4066 Β,
1093 3992 1246 4052 inccndiL

117 4127 170 4183 ro
262 4100 328 4214 rino
346 4125 382 4192 a,
410 4125 538 4211 magor
632 4124 668 4179 uo
688 4122 772 4179 nom
788 4122 828 4177 13¹
925 4120 958 4177 ar
977 4117 1132 4175 nosen:
1149 4118 1177 4173 a

112 4226 242 4287 linuaL¹
341 4228 599 4285 neumandi
697 4225 775 4282 ab
878 4222 1105 4294 repudiatum
1203 4218 1244 4288 tu]

113 4311 168 4383 tut!
190 4316 217 4370 Β
322 4310 495 4369 tribuendum
513 4313 541 4368 Β
