2992 4967
1048 296 1228 343 xxxxvnn

95 469 178 535 -O
199 469 215 532 1
238 470 267 545 9,
295 467 333 533 15
356 467 425 532 itus
447 488 469 531 u
491 468 562 532 ueri
584 468 712 533 tremite
734 466 829 550 fucat
853 466 949 550 (fucit
970 467 1073 550 codd.)
1108 469 1227 533 denua

94 578 123 637 et
144 576 287 637 errantes
307 572 397 635 utera
418 568 532 635 deluat
556 570 668 653 imopo.
698 570 786 636 falsis
800 588 877 652 quas
892 570 1090 637 sectabantur
1105 571 1225 653 opinio-

94 675 184 741 nibus
213 679 246 740 et
273 673 493 752 superstitione
523 674 645 757 antiqui
667 678 778 756 poetae
800 691 821 737 a
841 672 977 739 ueritate
998 673 1118 757 repulsi
1139 693 1225 739 erra-

94 778 215 843 usrunt.
239 812 281 825 ·-
305 776 328 843 0
351 777 367 840 1
390 777 420 855 9,
443 778 485 842 86
509 774 618 841 Turbo
645 776 843 843 sacerdotare
867 776 1110 859 amentaque
1132 778 1226 842 curie

93 880 189 946 saecli
214 880 425 961 (succubuit,
455 879 568 945 soectrb
589 880 673 962 rell.)
704 878 816 963 Elapso
842 880 955 945 uoluit.
992 884 1124 963 ubsque
1153 898 1225 963 pars

94 990 125 1048 et
146 984 323 1049 sacerdotes
351 984 384 1047 et
412 983 586 1048 saeculares
607 984 813 1049 Laurentium
843 983 1020 1066 episcopum
1052 984 1224 1063 elegerunt

91 1126 132 1136 -
154 1086 178 1153 C
201 1087 218 1151 1
245 1088 294 1164 12,
318 1086 359 1150 32
382 1084 448 1149 Nec
468 1085 580 1149 tardat
600 1084 655 1149 iro
676 1084 778 1149 uuor
793 1085 956 1152 Obrietum
977 1086 1131 1152 achatem
1154 1090 1223 1169 (ue-

93 1192 185 1255 teates
207 1191 249 1271 Β)
274 1194 383 1253 uisere.
422 1187 460 1253 de
482 1207 542 1253 uno
565 1188 718 1272 Cypriane
740 1208 844 1255 sermo
872 1191 928 1267 est,
958 1190 1011 1274 qui
1035 1191 1226 1255 peremisse

91 1295 216 1376 quidem
244 1292 376 1358 Maximi
409 1292 601 1375 proconsulis
632 1291 680 1357 ire
712 1294 878 1375 quominus
915 1295 1049 1359 mortem
1079 1294 1223 1359 celeriter

92 1398 210 1463 subiret
238 1394 408 1477 impeditus
436 1397 492 1461 est.
519 1430 555 1447 -
579 1394 641 1459 01
668 1396 716 1473 17,
739 1396 760 1461 8
784 1394 852 1459 Nec
873 1401 951 1459 iuro
977 1414 1071 1461 secus
1100 1396 1225 1477 fracto-

91 1520 148 1581 pue
176 1518 268 1565 meres
295 1498 339 1581 ei,
370 1500 456 1580 Quae
484 1498 573 1562 corde
603 1496 765 1563 Christum
791 1498 944 1579 wacrpiet
968 1500 1150 1581 (wuciperit
1170 1500 1224 1585 B¹,

91 1603 265 1683 semiperel
288 1600 342 1682 B')
367 1600 469 1665 semet.
499 1600 632 1665 uerbum
654 1602 807 1681 concipiet
828 1620 884 1683 pro
905 1604 1082 1683 maceperit
1104 1603 1224 1669 dictum

91 1709 152 1781 est3
176 1707 209 1771 id
232 1706 315 1769 enin]
338 1705 442 1785 ipsum
464 1704 730 1787 antepasnultima
753 1704 893 1786 correpta
921 1708 958 1769 ut
985 1706 1145 1771 Ennodius
1167 1708 1224 1773 ad-

93 1810 209 1873 miserit
238 1826 357 1873 uereor.
384 1846 419 1857 -
445 1807 524 1873 011
554 1808 583 1885 3,
612 1806 655 1872 20
687 1806 739 1872 sed
771 1806 932 1871 Faunum
963 1807 1067 1873 duero
1098 1829 1226 1875 ummo

93 1912 214 1977 laudes
247 1910 355 1992 (luces
381 1912 480 1989 codd.)
511 1912 572 1975 erit
596 1930 726 1991 seraper,
750 1912 779 1974 si
801 1912 875 1975 berre
896 1914 973 1975 uota
995 1910 1111 1993 lopuor.
1149 1932 1222 1979 nam

94 2014 129 2079 de
165 2016 240 2081 ludo
280 2013 399 2095 poetico
439 2014 569 2094 cogitari
616 2014 723 2096 nequit
767 2033 823 2079 nec
861 2032 922 2079 uox
963 2034 1086 2081 summa
1125 2018 1221 2083 babet

94 2137 150 2199 quo
171 2119 339 2183 celeratur.
378 2136 449 2181 cum
478 2116 594 2181 laudus
616 2137 670 2200 pro
693 2116 802 2182 uadis
830 2119 983 2200 scriptum
1012 2119 1223 2199 orestiades

93 2241 123 2287 se
145 2224 257 2305 sponte
285 2220 409 2287 obtulit.
433 2256 475 2267 -
497 2220 520 2286 0
544 2220 576 2285 ΙΙ
598 2222 629 2295 4,
656 2224 671 2285 1
696 2222 841 2287 Aetates
861 2240 1013 2300 summus,
1038 2222 1225 2303 plaustrum

92 2324 385 2408 (pareremus),
401 2328 438 2399 te,
453 2321 565 2403 uoltu,
581 2324 688 2387 docet.
723 2344 835 2406 nempe
849 2326 1035 2407 plaustrum,
1059 2327 1142 2408 quod
1158 2329 1225 2410 epi·

91 2446 198 2513 scopus
212 2428 328 2493 donum
341 2426 442 2503 offert,
458 2428 549 2508 poeta
561 2426 739 2508 alloquitur.
762 2428 790 2492 si
798 2427 949 2509 plaustro
960 2433 1115 2509 tenemus,
1131 2450 1224 2513 quem

93 2531 269 2614 alloquatur
289 2529 455 2595 obscurum
471 2528 532 2595 erit
547 2531 579 2595 et
592 2529 694 2594 nobile
709 2550 765 2612 pro
779 2528 881 2595 nobili
895 2530 984 2596 nullo
1000 2533 1140 2616 exemplo
1155 2552 1225 2614 pro

92 2634 192 2701 batur.
213 2631 294 2697 -G
317 2632 351 2697 II
375 2632 426 2709 75,
449 2634 470 2697 2
492 2632 625 2697 ucme'ae
647 2633 704 2714 put
724 2632 826 2714 dicae
848 2633 970 2715 (dicun
992 2635 1094 2717 codd.)
1119 2636 1224 2699 studio

92 2739 264 2817 superante
280 2734 413 2799 cobellis
429 2734 602 2817 Subtrobtt,
625 2754 787 2817 opponeres
802 2736 846 2800 od
859 2739 974 2800 reeca
986 2736 1141 2801 uocabulo
1155 2738 1222 2802 ctu·

92 2858 169 2902 uere.
203 2856 279 2903 nam
301 2856 363 2903 non
385 2839 511 2905 nomina
532 2841 564 2903 in
591 2841 771 2903 uniuersum
795 2838 954 2904 subtrahit
977 2840 1032 2903 sed
1055 2859 1091 2905 ea
1113 2840 1224 2923 quibus

92 2942 205 3007 caballi
221 2940 310 3023 digni
325 2946 399 3007 sunt
416 2961 582 3026 eorumque
604 2943 670 3009 loco
688 2942 803 3009 sanctis
819 2941 971 3007 abutitur.
987 2979 1030 2991 —
1046 2941 1119 3009 011
1135 2944 1185 3021 78,
1201 2947 1223 3010 3

93 3044 284 3111 Saeuam
312 3064 367 3125 ope
393 3046 475 3126 (opes
497 3046 598 3126 codd.)
630 3044 763 3126 spoliati
790 3046 915 3109 uicem
939 3047 1030 3128 repat
1056 3052 1226 3111 creumut

93 3149 200 3213 rnerito
221 3149 370 3229 temporis
387 3149 532 3214 clarius.
557 3168 655 3232 nsque
671 3150 854 3215 successoris
868 3170 941 3231 opes
956 3150 1160 3234 appositionis
1175 3152 1224 3217 in-

93 3256 156 3317 stet
178 3271 246 3317 esse
268 3271 367 3333 neque
390 3272 462 3331 opes
484 3272 503 3317 a
525 3253 619 3317 uerbo
642 3254 775 3334 spoliati
796 3259 851 3318 aut
872 3254 1055 3318 soccessoris
1074 3274 1094 3319 a
1113 3255 1226 3318 merito

94 3355 264 3435 dependere
287 3372 376 3436 posse
399 3360 536 3437 apparet.
568 3357 639 3437 apte
662 3360 768 3421 cutem
784 3358 969 3422 successoris
991 3357 1152 3422 laboribus
1173 3357 1223 3421 in·

94 3462 250 3525 crementa
271 3458 359 3541 regni
376 3459 607 3525 adscribuntur.
638 3460 774 3525 ulterius
792 3463 908 3544 autenm
923 3460 1005 3543 quod
1020 3478 1076 3541 pro
1091 3458 1225 3523 altem

94 3563 249 3643 proposui,
266 3562 477 3627 necessarium
493 3580 553 3627 non
570 3566 628 3641 est,
645 3580 717 3628 oum
733 3562 927 3645 Simpliciani
941 3580 1073 3645 regnum
1088 3560 1225 3625 aterius

94 3664 241 3745 tumoris
262 3665 385 3731 nomine
408 3667 492 3731 recte
514 3664 717 3747 significetur.
741 3700 785 3713 -
807 3664 831 3731 O
854 3665 887 3729 Π
912 3666 983 3742 111,
1007 3664 1048 3729 18
1074 3662 1224 3746 Perus'ptl

94 3764 305 3847 Hesperidum
322 3788 402 3848 quoe
416 3787 527 3833 serucu
541 3769 653 3850 tepere
667 3788 805 3849 serpeus,
825 3768 940 3833 Aureo
952 3768 1074 3831 uiuais
1087 3787 1225 3831 munem

94 3867 151 3933 dos
183 3870 276 3953 (dont
298 3870 396 3950 codd,
426 3870 510 3935 dous
531 3870 638 3951 Sirm.)
669 3872 846 3951 epatre-
870 3869 893 3937 O
922 3871 957 3935 II
987 3870 1049 3936 113
1080 3870 1130 3935 tit.
1154 3868 1226 3935 DE

94 3970 221 4054 EQVO
244 3972 332 4038 SVI
350 3971 452 4058 (SVO
475 3974 576 4055 codd.)
600 3971 770 4053 DOMNI
789 3973 924 4038 SENE.
955 3975 1076 4039 codices
1099 3978 1225 4055 praeter

96 4076 245 4143 Bomnes
267 4076 457 4145 uocabulum
479 4075 652 4154 DOMNI,
678 4077 760 4160 quod
782 4095 843 4142 non
865 4077 1118 4161 intellegebatur,
1142 4077 1221 4139 omi-

97 4184 219 4263 serunt;
252 4184 307 4246 ssd
330 4181 361 4246 id
384 4181 464 4246 forte
488 4180 616 4247 fortuna
644 4181 805 4263 irrepsisse
827 4181 898 4264 quis
927 4181 1058 4247 credat?
1088 4179 1223 4243 fortasse

146 4314 191 4369 VI.
1100 4314 1118 4366 d
