2992 4967
293 334 356 402 408
650 331 912 403 stagni-seticis
929 332 1060 390 lluuudi

747 538 963 596 mnemon

355 660 405 729 Sit
427 664 533 728 nester
555 663 690 742 tentum,
713 679 773 728 uon
797 663 958 747 stringunt
979 662 1110 730 crimine
1132 680 1333 746 quemquem.

305 834 308 840 ,
416 766 482 833 Nes
504 765 590 832 uitee
611 766 751 831 mucules
774 768 926 851 tergimus
949 764 1026 831 ertis
1047 784 1114 850 cpe.

356 866 389 934 si
412 868 503 934 niueo
526 872 645 935 constet
666 869 778 935 merite
800 870 870 952 quis
889 870 972 934 teste
993 875 1114 948 senatu,

415 961 562 1056 Oegimus
583 973 666 1037 huuc
688 988 794 1037 cinnes
817 972 919 1037 dicere
942 972 1033 1037 necte
1052 974 1165 1037 saturn.

356 1076 395 1141 llt
417 1094 490 1141 reus
513 1077 545 1141 et
566 1078 692 1141 sancus
716 1075 754 1140 de
777 1081 882 1141 nestro
904 1076 1045 1140 nescitur
1065 1093 1133 1139 cre:

414 1178 497 1245 Dum
520 1178 686 1262 loquimur,
709 1178 837 1262 ceptum
860 1178 985 1245 ducitur
1004 1176 1181 1243 arbitrium.

353 1282 439 1347 Luue
459 1281 648 1347 Tarentinae
670 1280 740 1346 leus
763 1279 861 1360 urbis,
885 1300 1019 1365 gemme,
1041 1280 1180 1363 potestus

414 1382 496 1465 Quid
517 1388 591 1451 suut
613 1385 653 1450 ed
675 1380 821 1450 nestrum
841 1386 949 1450 iuncte
969 1386 1194 1468 supercilium?

353 1486 414 1569 Qui
434 1488 548 1554 nestris
571 1488 668 1553 seruit
690 1486 812 1567 studiis,
835 1506 905 1553 mer
927 1489 1063 1571 imperet
1084 1486 1163 1554 urbi.
1430 1510 1451 1549 ie

408 1590 465 1655 Nil
486 1590 614 1657 dubium
638 1594 783 1657 metuens
805 1609 856 1656 ere
878 1590 958 1656 mihi
980 1610 1077 1675 regns
1098 1590 1195 1657 dedit.

331 1730 418 1795 Haec
451 1746 540 1815 erge,
573 1726 764 1806 dulcissimi,
798 1728 831 1793 et
862 1727 992 1813 sdsequi
1026 1726 1206 1794 contendite
1238 1727 1271 1792 et
1306 1724 1419 1807 sdepte

289 1831 452 1897 custodite.
487 1832 540 1899 sed
569 1831 742 1915 replicetis,
777 1831 889 1913 quibus
923 1833 962 1897 ed
995 1832 1059 1897 ists
1092 1828 1268 1915 magistris,
1303 1829 1418 1911 quibus

289 1938 417 1999 uisum
439 1933 686 2013 institutoribus,
716 1951 849 2017 querum
862 1936 1027 2013 ‚eugumur
1049 1931 1214 2016 exemplis,
1237 1950 1313 1997 curn
1334 1932 1418 1997 Fau·

290 2038 375 2103 stum
409 2038 441 2102 et
471 2037 645 2115 Auienum‚
679 2036 797 2103 emenii
829 2037 930 2103 nestri
962 2035 1188 2101 beatitudinem
1221 2039 1252 2099 et
1279 2033 1448 2099 Latiariss

287 2138 406 2205 flumen
428 2140 554 2223 eloquii,
577 2140 686 2207 aulicis
708 2140 865 2208 districtos
889 2142 995 2207 teneat
1016 2158 1083 2205 sere
1104 2138 1239 2205 secunde
1254 2139 1418 2205 consiliis?

285 2262 363 2327 ques
385 2244 460 2309 dum
483 2248 589 2309 menet
611 2261 699 2321 cure,
722 2263 741 2311 u
762 2244 968 2327 generalitate
997 2242 1151 2323 uescitur,
1181 2259 1313 2325 querum
1335 2242 1418 2307 tem·

286 2347 374 2431 ptere
396 2347 557 2430 preeccuis
578 2346 664 2413 idern
686 2349 734 2413 est
757 2365 794 2413 ec
815 2347 843 2414 si
865 2347 967 2412 lucem
989 2344 1065 2413 selis
1087 2346 1119 2411 et
1141 2344 1313 2428 petentium
1337 2344 1416 2409 uelis

283 2447 462 2517 diurnitatis
495 2450 643 2516 merere.
681 2450 831 2516 sedistis
858 2450 892 2516 in
920 2451 998 2516 bene
1029 2446 1155 2534 publico
1189 2446 1416 2514 desudantibus

285 2550 410 2637 patricii
431 2552 541 2619 Festus
562 2556 595 2618 et
617 2550 836 2637 Symmachus¹
859 2555 998 2618 emnium
1020 2551 1255 2635 disciplinarum
1279 2551 1445 2615 meterius

285 2655 319 2719 et
340 2654 509 2721 mnstsutis
532 2654 631 2721 ferme
652 2654 835 2738 supientiae,
858 2657 897 2721 ub
911 2654 987 2720 urbe
1009 2652 1222 2721 secretissime
1242 2671 1305 2719 neu
1328 2672 1415 2719 rece·

285 2760 373 2825 dunt.
400 2758 433 2822 iu
455 2758 529 2841 ipsis
552 2762 599 2825 est
620 2757 735 2825 nobilis
758 2756 861 2823 eurise
883 2756 1089 2842 principatus,
1112 2776 1188 2840 ques
1202 2755 1320 2823 uidisse
1343 2775 1414 2822 ern·

286 2859 347 2927 diri
370 2866 428 2928 est.
463 2878 522 2926 nen
552 2866 633 2945 npud
655 2880 706 2929 ees
728 2880 831 2927 sermo
855 2860 892 2925 de
914 2860 1045 2926 ludicris
1068 2878 1126 2927 nec
1147 2860 1413 2942 pantomimorum

283 2963 337 3031 uix
373 2963 560 3049 Quercentis
596 2963 860 3031 commemoratio.
910 2962 960 3029 illi
996 2981 1107 3029 aurern
1143 2963 1326 3047 popularem
1361 2982 1414 3045 per

283 3065 410 3151 pudoris
432 3065 621 3133 detrimenta
642 3084 703 3132 nou
727 3064 869 3150 cupiunt:
893 3066 1029 3132 contenti
1053 3065 1147 3132 rectis
1169 3064 1441 3149 mugis'pluceres

285 3184 380 3250 quern
409 3168 570 3252 plurimis,
600 3170 774 3235 sortiuntur
802 3167 839 3234 de
861 3169 1022 3235 innocenti
1042 3167 1163 3235 sctieue
1184 3166 1410 3233 testimenium

284 3268 416 3336 istorum
444 3272 587 3353 quemuis
610 3274 642 3337 in
664 3272 807 3338 omnibus
833 3270 919 3338 iussn
946 3273 1104 3355 sequenda
1124 3270 1205 3353 sint,
1235 3272 1284 3336 est
1305 3276 1411 3336 umen

336 3491 350 3545 1
374 3488 507 3545 esnone
531 3490 598 3555 BL3
625 3489 824 3545 rumne-u
841 3495 874 3545 11
892 3487 967 3545 eunt
984 3506 1034 3547 em.
1054 3490 1081 3545 u
1178 3492 1196 3545 s
1218 3492 1258 3545 ee
1282 3492 1342 3546 ru

281 3574 406 3646 nmen]
433 3576 550 3631 semna
577 3576 660 3632 sem
763 3578 780 3632 5
803 3577 989 3633 necessum
1013 3578 1039 3632 n
1143 3578 1177 3632 10
1201 3580 1290 3632 mes
1316 3578 1343 3632 s

283 3660 315 3717 11
340 3660 462 3731 cunsuml
485 3660 579 3717 renuet
603 3662 629 3719 n
732 3664 766 3719 re
791 3662 925 3718 nueen
951 3664 978 3718 s
1080 3665 1113 3718 re
1139 3664 1280 3719 deesses
1302 3665 1406 3733 seps,

281 3762 436 3818 nereum
454 3764 518 3820 sees
529 3766 585 3821 ees
596 3766 670 3837 quoe
686 3748 857 3820 'eneruem
874 3765 901 3820 t
919 3762 953 3833 (s
965 3752 1055 3820 eum.
1068 3766 1151 3821 esee
1162 3766 1196 3822 ee
1207 3769 1268 3836 ep.)
1281 3766 1342 3821 eeu

280 3896 337 3937 cers
355 3883 415 3947 Pe,
445 3884 501 3939 fers
518 3885 605 3953 MV,
633 3859 734 3971 fres'B
838 3884 949 3940 fecunde
968 3886 1063 3954 potius
1085 3901 1167 3957 pcm
1184 3884 1343 3941 secuudsl'

283 3984 315 4040 17
333 4001 379 4041 eur
395 3986 423 4041 B
527 3990 560 4043 18
577 3989 657 4044 uellis
674 3989 701 4043 B
805 3990 838 4044 19
861 3988 960 4058 pullice
984 3987 1012 4042 B
1114 3986 1146 4042 21
1170 3990 1200 4041 st
1215 3991 1403 4045 ccustsntcs-

280 4071 369 4127 curlse
394 4086 445 4127 esu.
472 4072 512 4127 13¹
537 4074 602 4131 cdd.
628 4090 697 4133 cerr.
724 4076 756 4129 in
778 4090 830 4144 sup.
932 4074 1081 4129 constantis
1108 4074 1220 4145 scripsi,
1255 4073 1403 4129 ceusteutes

280 4154 347 4211 trees
463 4157 497 4211 22
524 4161 552 4212 et
578 4158 745 4229 principatus
771 4159 799 4214 Β
919 4156 954 4213 24
979 4174 1068 4213 eurem
1099 4160 1146 4225 ll,
1180 4174 1288 4215 suresm
1314 4158 1341 4215 L

280 4256 316 4315 26
332 4259 485 4315 sortiuntur
501 4260 529 4315 B
600 4274 604 4281 ’
632 4260 666 4315 27
684 4262 818 4317 iustorum
837 4260 865 4316 L
