2992 4967
271 377 346 425 LXII

266 544 432 627 pmnerpis
454 542 588 608 1111111111
611 546 638 606 te
659 541 815 607 bonmnm
834 543 986 624 permina.
1011 542 1051 608 cl.
1074 541 1119 607 st
1144 540 1183 606 V.
1208 542 1410 609 11215.-

274 648 347 726 161,
370 648 412 713 26
434 646 527 711 daem
548 646 706 729 deprecor,
734 650 772 709 nt
792 645 931 711 aestibus
951 646 1030 710 meis
1051 650 1184 728 nepesin
1204 644 1410 726 dispematio

274 750 456 836 (dispositio
480 752 582 830 codd,
614 749 823 831 dispositione
844 750 878 835 b)
899 750 1026 831 sanaris
1045 752 1208 834 meamet,
1239 749 1300 814 nisi
1321 748 1410 814 forte

273 852 419 920 editionis
441 853 589 937 principis
612 852 757 936 uestigia,
781 871 861 934 quae
882 854 963 919 hanc
985 853 1156 936 epistulam
1177 870 1214 917 ex
1230 852 1305 917 lolia
1320 852 1409 917 codi-

274 958 369 1023 cisB
397 957 558 1041 deperdito
588 955 761 1039 descripsit,
797 958 897 1039 magis
926 956 1023 1021 etiam
1054 958 1225 1039 premenda
1253 958 1339 1034 sunt,
1371 962 1411 1021 ut

272 1058 508 1143 dispensatione
530 1059 751 1143 praeferamus.
774 1059 969 1141 dapenna
990 1078 1132 1141 sopenna
1153 1076 1209 1142 pm
1231 1059 1341 1126 muare
1358 1060 1411 1125 di·

273 1168 348 1231 uino
381 1165 563 1248 saepissime
596 1164 678 1246 apud
708 1162 886 1228 Eunodium
919 1162 1037 1245 legitur
1068 1162 1120 1249 (ct.
1142 1162 1237 1228 indic.
1260 1182 1290 1246 p.
1315 1162 1410 1247 660).

273 1269 356 1336 idem
385 1268 534 1334 mendum
564 1267 680 1331 codicis
702 1266 729 1331 B
753 1284 845 1349 opera
872 1281 1032 1331 remouere
1054 1268 1157 1347 patui,
1188 1266 1242 1347 qui
1265 1267 1338 1343 104,
1367 1267 1407 1331 ll
1492 1313 1493 1318 1

273 1372 417 1438 exhibet:
460 1390 519 1436 nos
549 1369 817 1453 pollicitationem
853 1388 957 1433 meam
993 1368 1130 1452 benipna
1164 1369 1410 1450 dispensatione

276 1474 494 1557 (dispositione
516 1473 624 1556 LTV)
648 1471 786 1555 corrpiete
808 1472 862 1555 (cl.
885 1472 907 1538 l.
932 1472 949 1536 l
972 1470 1169 1553 dispensatio
1190 1476 1406 1555 sanatorem).
1492 1459 1493 1492 r

273 1615 315 1627 —
332 1580 405 1659 114,
421 1578 441 1643 8
463 1577 583 1644 mnltces
599 1578 637 1641 in
652 1576 924 1658 promissionibus
944 1576 1122 1641 snbnenisli
1135 1574 1265 1641 dicenda
1279 1580 1409 1641 enatem

273 1682 408 1747 emman
437 1702 485 1745 nte
514 1700 577 1747 esse
601 1681 746 1762 popinis,
776 1681 833 1760 qni
856 1680 1012 1761 propriae
1040 1678 1121 1744 lacis
1144 1680 1304 1760 pmnaser
1331 1681 1410 1745 snb-

272 1787 397 1851 stantia
427 1784 585 1867 (absentia
608 1785 725 1867 codd).
764 1802 863 1866 neque
890 1785 975 1848 enim
1005 1783 1081 1847 alibi
1111 1782 1242 1847 uerbum
1263 1785 1412 1863 ptinere

273 1908 345 1955 cum
368 1888 507 1971 genitiuo
530 1887 693 1971 coniungit
708 1893 740 1951 et
756 1886 901 1951 absemia
918 1890 975 1949 tna
990 1886 1175 1968 requiratur,
1198 1887 1226 1949 si
1242 1888 1410 1953 absentem

274 1992 432 2056 Auienum
465 1993 622 2075 propriam
657 1992 759 2056 lucem
793 1990 1007 2074 appellaturus
1041 1991 1093 2054 sit.
1120 1990 1317 2072 -189,11
1351 1990 1410 2054 ael

272 2095 367 2176 nefas
390 2097 534 2177 putastis
563 2094 712 2176 epistolas
739 2095 883 2174 reddere,
917 2112 998 2175 qaas
1024 2092 1115 2157 nobis
1141 2093 1226 2156 inter
1252 2112 1411 2157 eaenrsm

276 2200 429 2279 (meessns
445 2199 546 2279 codd.)
572 2198 702 2281 eantipit
724 2216 790 2261 non
804 2197 931 2279 cepisse.
966 2196 1148 2279 saepissime
1162 2212 1305 2259 eaemsns
1319 2196 1410 2261 idem

274 2302 355 2383 qnod
379 2320 469 2365 error
490 2300 658 2384 signifieat,
682 2320 760 2383 quae
782 2301 871 2366 uerbi
892 2302 943 2365 nis
960 2300 1134 2366 sententiae
1156 2318 1215 2365 uon
1239 2300 1409 2376 conuenit;

274 2406 384 2469 contra
415 2404 581 2469 itineribus
610 2422 688 2488 quae
710 2405 867 2470 Maximus
900 2404 1036 2486 suscepit
1069 2404 1186 2486 optime
1217 2404 1406 2487 explicatur,
1491 2435 1492 2488 3

274 2508 356 2591 quod
380 2508 531 2592 epistulas
553 2508 690 2591 accipere
713 2526 774 2573 non
796 2508 944 2591 potuerit.
989 2507 1063 2584 506,
1084 2508 1123 2573 1³
1138 2511 1296 2588 interpres
1307 2526 1410 2589 snpe-
1491 2587 1492 2598 ἵ

272 2630 383 2675 eornm
411 2610 454 2675 ad
483 2610 539 2676 las
567 2611 727 2677 bmninem
753 2610 901 2693 conpellit
928 2628 1080 2675 eaenrsas
1109 2616 1263 2691 (esoessns
1286 2612 1408 2694 codd),
1491 2603 1492 2668 ἶ

272 2718 311 2779 nt
331 2714 493 2798 dilipentis
525 2714 621 2780 litora
648 2716 743 2797 qnasi
772 2716 871 2780 solnm
893 2712 1004 2778 laslile
1025 2712 1190 2796 diffnpiat.
1218 2732 1300 2780 noua
1323 2714 1409 2779 Dido

273 2819 387 2885 itinera
423 2818 596 2903 signifieat,
640 2839 718 2902 quae
764 2821 885 2884 Aeneas
922 2819 1051 2884 deornm
1087 2819 1174 2884 iussu
1216 2817 1405 2900 ingreditur.

275 2925 406 3003 utreque
434 2940 507 2987 uero
536 2921 602 2987 loca
631 2924 658 2987 si
688 2939 830 2985 eaeessns
855 2940 911 3002 pro
933 2920 1023 2986 abitu
1045 2922 1210 2993 diceretur.
1231 2920 1407 3003 singularis

274 3042 422 3089 numerus
456 3025 579 3089 adesset
604 3025 657 3105 (el.
680 3024 777 3089 etiam
800 3042 952 3088 eamrsns
974 3025 1007 3089 in
1029 3027 1091 3092 ind.
1115 3042 1145 3106 p.
1168 3024 1258 3104 665).
1303 3023 1407 3090 simili

274 3128 406 3209 denique
436 3128 556 3193 medela
584 3128 680 3193 uerba
700 3127 819 3207 266,4
846 3126 920 3192 nolo
944 3148 1006 3208 per
1031 3146 1142 3193 aaran
1173 3130 1278 3209 (casas
1300 3129 1405 3208 codd.)

273 3248 383 3294 errare
404 3229 640 3295 dominationm:
663 3231 700 3293 in
723 3234 777 3295 tna
798 3235 961 3296 stemmate
977 3232 1107 3312 probati
1129 3235 1203 3295 snm
1217 3230 1273 3311 qai
1286 3232 1408 3307 repent

273 3334 429 3399 tractandi
453 3335 537 3399 sunl.
575 3333 654 3413 nolo,
677 3335 791 3417 inquit,
815 3354 996 3401 enumerare
1018 3341 1051 3399 et
1073 3352 1252 3419 comparare
1275 3350 1326 3399 sos
1347 3334 1408 3416 qui

273 3441 313 3505 ad
343 3438 508 3522 imperium
537 3443 755 3519 peruenerunt.
794 3448 908 3502 enrsns
934 3437 1031 3521 igitur
1059 3440 1141 3504 idem
1163 3438 1228 3503 iere
1249 3441 1298 3502 est
1319 3438 1407 3519 quad

273 3541 384 3614 seriem
419 3538 493 3622 quid
526 3556 617 3603 casas
646 3556 712 3603 esse
741 3539 850 3619 possit,
884 3540 997 3605 nescio.
1034 3542 1197 3621 praeterea
1226 3558 1334 3607 uereor
1362 3560 1407 3606 ne

274 3643 367 3709 codex
398 3644 439 3721 B,
474 3642 528 3725 qui
560 3641 762 3707 dominatam
793 3662 848 3726 pro
881 3642 1105 3707 dominatnam
1137 3643 1276 3722 exhibet,
1310 3662 1408 3709 uerae

274 3747 445 3828 scripturae
478 3746 703 3809 dominantum
736 3748 906 3830 uestigium
935 3746 1175 3812 conseruauerit.
1197 3782 1240 3795 -
1262 3747 1337 3825 221,
1360 3746 1404 3810 21

272 3848 413 3929 suspicio
437 3849 587 3930 (snscipio
610 3848 710 3931 codd.)
742 3853 773 3913 et
794 3848 1019 3913 oboedientiam
1045 3852 1203 3914 1111111111.Ι
1231 3866 1289 3913 nea
1317 3846 1406 3913 enim

273 3952 405 4033 eaipners
427 3950 530 4015 emtas
545 3952 671 4017 debetne
685 3952 930 4034 obsequentibus.
960 3953 1129 4019 uenerandi
1143 3952 1229 4019 notin
1244 3949 1405 4017 sententia

273 4054 445 4140 flagitatur,
470 4071 549 4137 quae
565 4056 658 4121 uerbo
674 4055 862 4137 suspiciendi
877 4056 1001 4138 saepius
1015 4057 1099 4121 inest
1114 4056 1198 4139 apud
1214 4054 1403 4121 mnodum.

273 4196 315 4209 -
337 4158 410 4236 229,
437 4157 453 4221 1
478 4178 532 4239 epo
560 4160 645 4222 aeris
673 4159 774 4223 deesse
798 4159 939 4241 (danesse
959 4159 1001 4244 B,
1030 4158 1164 4225 donasse
1184 4158 1266 4239 rell.)
1298 4158 1404 4239 capia.

272 4262 313 4328 cl.
337 4261 382 4329 St.
405 4262 442 4326 V.
467 4260 517 4326 III
541 4261 613 4327 133.
647 4266 682 4327 ut
710 4262 769 4329 hoc
797 4262 863 4329 loca
891 4262 1019 4329 danesse
1040 4282 1095 4347 pro
1118 4263 1233 4342 deesse,
1262 4260 1338 4341 258,
1362 4261 1405 4327 14
