2992 4967
642 334 757 403 llagni
774 332 905 389 Felicis
922 332 1055 387 Ennodi

803 522 894 589 VIII.

660 660 844 717 ENNODIVS
871 660 1036 716 sumnum.

330 766 480 848 Quamuis
517 782 571 849 pro
604 768 739 853 peccatis
776 766 854 831 meis
893 766 989 831 etiam
1022 765 1200 830 litteramm
1236 766 1417 827 uestrarum

287 870 402 935 solacia
431 870 656 949 subducantur,
692 890 747 957 ego
776 872 880 936 tamen
899 887 1019 935 memor
1048 867 1162 944 debiti,
1193 886 1252 951 quo
1280 886 1331 931 me
1361 885 1417 949 per

287 978 420 1059 gratiam
435 976 572 1039 uestram
588 974 625 1038 ut
640 976 688 1041 dei
705 992 858 1039 memores
874 973 1046 1057 obligastis,
1063 972 1197 1038 scribere
1213 989 1275 1037 non
1290 970 1416 1051 omitto,
1436 984 1447 1023 ⁵

287 1094 423 1159 sperans,
442 1076 553 1141 domne
568 1074 685 1157 Senerl,
706 1078 743 1142 nt
760 1077 862 1155 deum,
887 1095 979 1160 quem
997 1077 1029 1139 in
1045 1094 1095 1139 me
1111 1074 1267 1159 cogitasti,
1289 1090 1415 1154 semper

286 1182 428 1245 attendas
452 1182 484 1243 et
506 1182 685 1262 frequenter
708 1178 786 1244 mihi
815 1178 993 1243 litterarum
1023 1182 1199 1243 uestrarum
1228 1194 1344 1241 munus
1368 1178 1416 1240 in·

286 1282 413 1366 pontias.
453 1282 577 1348 domiue
600 1283 660 1361 mi,
690 1284 790 1369 saluto
813 1282 984 1365 plurimum
1007 1280 1182 1347 reuerentia
1212 1282 1364 1345 consueta
1387 1280 1418 1341 et

286 1385 416 1469 inploro,
440 1388 476 1449 ut
498 1404 554 1469 per
576 1403 680 1451 omnes
704 1387 881 1450 sanctorum
904 1384 1048 1449 basilicus
1066 1400 1121 1468 pro
1145 1383 1323 1450 adflictione
1346 1400 1418 1447 mea

291 1488 383 1554 deum
405 1505 513 1572 rogare
535 1508 595 1554 non
619 1488 750 1555 desinas.
1427 1504 1449 1542 ¹⁰

793 1658 900 1725 VIIII.

670 1792 854 1849 ENNODIVS
882 1793 1028 1849 FAVSTO.

331 1900 480 1983 Quamuis
504 1901 542 1965 ad
565 1898 697 1964 tutelam
719 1896 878 1981 pontificis
901 1898 1080 1972 innocentia
1102 1894 1198 1963 officii
1219 1897 1285 1962 eius
1315 1916 1418 1963 comes

285 1998 419 2069 adsistat
448 2020 504 2067 nec
533 2020 609 2085 opus
638 2000 682 2067 sit
710 2000 856 2067 humanis
885 2000 1006 2067 solaciIs
1033 2002 1076 2083 ei,
1107 2000 1161 2083 qni
1184 2000 1418 2067 humanitatem

285 2104 473 2189 professione
503 2103 687 2185 superauit,
708 2104 770 2167 scit
793 2108 899 2169 tamen
922 2103 1118 2187 omnipotens
1141 2104 1217 2169 deus
1240 2122 1291 2167 me
1314 2104 1416 2169 sancti
1426 2124 1447 2163 s

288 2208 424 2293 episcopi
443 2206 605 2296 portitoris
621 2208 831 2290 praesentium
846 2206 975 2271 iussioni
991 2206 1132 2273 exactum
1150 2206 1330 2288 inpendisse
1344 2224 1418 2272 con·

286 2311 434 2395 loquium.
481 2308 535 2375 diu
565 2311 648 2374 euim
679 2308 800 2374 renisus
824 2328 908 2388 sum,
938 2328 975 2374 ue
1006 2327 1152 2394 arrogans
1180 2308 1359 2388 uideretur,
1390 2310 1415 2374 si

288 2412 431 2479 minister
453 2411 627 2476 antistitem
651 2412 683 2477 et
704 2412 788 2494 apud
810 2411 1044 2477 sanctissimam
1068 2411 1287 2478 conscientiam
1322 2414 1416 2495 potis

286 2516 403 2581 simum
425 2514 478 2579 uix
500 2512 663 2579 mediocris
687 2514 852 2579 adsereret.
898 2512 952 2579 sed
986 2514 1125 2597 perfecta
1148 2513 1345 2579 oboedientia
1368 2518 1416 2580 est

289 2617 433 2701 quicquid
457 2636 597 2681 summus
622 2616 719 2699 exigit
741 2636 802 2683 non
825 2617 945 2698 negari.
984 2619 1017 2682 et
1038 2618 1106 2682 ideo
1129 2615 1267 2700 praelato
1291 2616 1447 2682 debitorem

267 2718 487 2787 'salutationis
509 2719 655 2803 obsequio
683 2739 808 2805 precor,
836 2722 873 2784 ut
904 2721 944 2785 ad
968 2720 1208 2787 consolationem
1230 2718 1343 2785 multis
1366 2720 1415 2784 iu-

288 2822 531 2905 pugnationibus
554 2824 753 2905 praegrauati
775 2821 950 2889 subsidium
973 2822 1148 2903 conferatis,
1173 2824 1327 2905 quatenus
1350 2822 1415 2886 sin-

287 2924 406 3009 gularis
436 2925 508 3011 boni
537 2943 603 2988 rem
632 2924 778 2989 facientes
808 2943 869 2989 non
903 2924 1069 3009 patiamini
1098 2925 1280 2991 inmeritum
1310 2942 1413 2991 sacer-

289 3030 391 3093 dotem
417 3026 582 3091 diuturnae
605 3026 761 3091 subiacere
789 3028 975 3095 maestitiae.

829 3199 868 3263 X.
1422 3223 1446 3263 at

669 3334 854 3390 ENNODIVS
880 3334 1027 3393 FAVSTO.

329 3440 425 3521 Dens,
448 3438 502 3521 qui
525 3439 675 3505 bonorum
700 3458 826 3522 operum
849 3443 954 3509 auimo
969 3444 1076 3507 uesuo
1097 3439 1231 3508 insemit
1244 3417 1411 3519 ¹allectum,

287 3543 355 3628 ipse
377 3544 598 3626 obsequentem
622 3542 683 3611 sibi
705 3544 801 3626 longa
822 3543 1039 3610 felicissimum
1055 3547 1158 3613 aetate
1178 3545 1317 3624 tueatur,
1341 3545 1412 3626 quia

337 3748 416 3803 um.
450 3750 468 3805 5
493 3747 641 3817 obligsstos
667 3748 694 3801 Β
802 3748 907 3803 domiuo
933 3749 1008 3805 BTd
1035 3748 1057 3816 (i
1078 3748 1143 3805 odd
1168 3748 1195 3803 B
1221 3764 1256 3803 m.
1279 3751 1346 3817 rec)

286 3833 447 3889 lsdtendas
464 3834 492 3889 L
594 3833 716 3903 lmpitiss
734 3833 762 3888 L
863 3834 966 3889 amini
984 3834 1069 3889 BLV

338 3934 436 3993 v1111.
469 3937 501 3991 13
518 3936 644 3991 tutellsm
662 3936 689 3991 Β
778 3938 860 3991 comis
878 3938 907 3991 B
999 3938 1032 3993 15
1050 3952 1092 3992 mo
1108 3953 1160 3993 om.
1177 3936 1228 3992 Bb
1316 3938 1351 3992 18
1366 3952 1412 3991 sn·

285 4056 444 4109 testitemB
546 4056 578 4109 19
591 4030 672 4140 υἰξΤ
768 4056 959 4126 ldexlgetBb
1057 4058 1289 4128 napnegrausns
1302 4057 1346 4112 Bb

285 4142 412 4210 quatinus
432 4140 515 4197 LTV
604 4162 613 4209 '.

336 4243 368 4297 X.
404 4244 437 4299 28
454 4246 578 4299 tuseatur
596 4244 623 4298 L
