2992 4967
432 320 667 392 Epistularum
691 321 780 378 liber
796 322 850 378 111.
1160 327 1204 394 83

76 509 187 576 oitndo
215 511 385 576 eommunis
414 512 472 578 est.
507 511 594 580 onius
616 511 834 580 aestimabitur
855 530 920 578 esse
941 531 1028 578 mens
1048 512 1106 580 illa
1126 513 1199 580 feri·

74 613 176 690 tatis,
204 630 283 695 quae
304 629 377 698 orgo
408 631 518 684 euram
543 614 654 681 sobolis
676 613 829 708 posterior
855 613 895 681 ab
931 615 1202 682 inrationabilibus

73 713 264 782 inuenitur?
297 715 538 801 germanitatem
567 718 654 784 tuam
676 716 805 801 respicit
829 716 971 803 praefata
1000 720 1200 786 oonoinnatio.

73 820 112 880 tn
138 816 225 882 nnioi
254 815 353 884 oblita
375 817 513 901 pignoris
535 823 566 885 et
588 819 818 886 miserationem
840 819 944 886 orbati
965 825 996 886 et
1018 820 1202 890 felioitutem

51 918 157 998 seius,
175 921 225 986 oni
240 919 341 986 mater
355 925 502 1005 superest,
518 921 687 989 abstulisti.
703 941 776 988 nere
790 921 889 990 fateor
903 924 961 989 snb
975 923 1121 992 libertate
1132 945 1201 1010 pro·

71 1021 184 1104 positi,
207 1023 299 1088 modo
321 1023 453 1091 mumma
475 1023 596 1107 quando
619 1025 647 1090 ei
668 1041 688 1090 u
708 1026 742 1090 te
764 1027 796 1090 et
819 1025 986 1110 oonloqniu
1000 1029 1200 1115 denegentur,

70 1141 154 1206 paee
188 1125 245 1192 deo
274 1125 407 1208 propitio
433 1128 514 1193 inter
542 1127 703 1212 regionum
733 1131 908 1195 nostrarum
943 1127 1083 1197 dominos
1116 1135 1201 1200 omni

72 1228 184 1294 radiae
213 1227 346 1296 solidata
373 1229 520 1316 tigridem
546 1235 577 1296 te
605 1231 794 1297 inmanitate
815 1249 984 1315 superasse.
1007 1237 1127 1317 quando
1148 1235 1200 1300 in-

71 1330 180 1396 ueniri
207 1331 310 1415 potuit
339 1332 394 1397 aut
416 1336 497 1416 qnod
518 1333 589 1418 plus
617 1352 721 1400 amare
743 1335 882 1417 possisu
910 1334 977 1400 filio
998 1341 1054 1402 aut
1075 1342 1201 1422 propter

40 1433 180 1498 refilium
203 1438 283 1516 qnod
305 1435 440 1502 timore?
468 1437 651 1503 facultatum
680 1455 755 1503 aura
775 1435 884 1503 debuit
913 1437 1106 1520 posthaberi,
1128 1444 1200 1526 quia

72 1555 250 1620 numquam
271 1535 350 1604 bene
372 1537 528 1604 hereditas
551 1539 691 1622 quaesita
714 1543 763 1606 est
784 1539 896 1605 herede
918 1543 1106 1627 eontempto.
1129 1565 1197 1613 eoos

72 1639 163 1705 dieo:
185 1643 219 1707 ni
241 1640 316 1708 dens
330 1659 386 1724 per
400 1641 641 1710 sollicitudinem
663 1661 766 1708 meam
787 1645 940 1711 sermoni
962 1643 1119 1713 maliuolis
1142 1649 1199 1715 ob-

72 1740 227 1824 stitisset,
256 1747 355 1810 omnis
377 1746 496 1828 generis
518 1745 565 1810 tui
586 1743 689 1811 fuerat
717 1745 823 1828 planta
844 1745 973 1812 soboba
1002 1749 1126 1817 leaenae
1149 1770 1198 1819 oa·

72 1847 160 1912 tulos
182 1848 260 1913 tntis
283 1847 432 1913 siluarum
455 1849 511 1914 ant
532 1848 652 1914 heremi
676 1849 895 1915 tommendunt
915 1851 1138 1938 penetralibus,
1160 1873 1199 1925 ne

40 1953 186 2031 spartus
209 1967 314 2016 earum
335 1953 451 2035 praeda
478 1953 520 2019 sit
543 1953 714 2019 hominnm.
744 1953 828 2020 dieas
849 1951 995 2032 forsitan,
1019 1957 1102 2043 qnod
1123 1957 1198 2024 haee

74 2053 273 2137 exprobratio
289 2054 426 2138 grauiter
441 2074 491 2121 me
506 2055 586 2122 ferre
609 2057 765 2140 inpactum
781 2054 819 2121 de
833 2055 1028 2122 adnleseente
1043 2055 1202 2126 ssroinam'

71 2157 237 2221 monstret.
260 2157 348 2222 nouit
370 2158 512 2224 dominns
540 2157 598 2224 hoo
619 2159 722 2226 solnm
745 2177 796 2223 me
817 2161 925 2225 uuerbe
952 2163 1086 2243 perpeti,
1117 2164 1198 2247 quod

73 2262 106 2323 et
129 2259 310 2342 praesentia
331 2263 387 2326 tna
402 2278 488 2326 nereo
511 2261 542 2324 et
565 2261 661 2325 totins
684 2263 788 2343 tepor
810 2262 974 2327 silentium
995 2263 1198 2332 inmemorem

73 2361 247 2428 affectionis
282 2380 348 2428 esse
376 2379 532 2447 eognosoo.
570 2361 720 2428 beneficio
742 2367 848 2428 umen
870 2364 920 2430 dei
950 2366 1079 2448 paterna
1104 2388 1198 2452 puero

40 2466 182 2532 innostro
211 2483 273 2530 non
302 2465 473 2549 denegatur
502 2465 661 2532 instantia
690 2465 867 2532 inbuendas
896 2467 1077 2537 liberalibus
1103 2469 1197 2536 disei-

72 2568 170 2651 plinis
194 2567 290 2634 limen
310 2567 487 2635 nobilitatis
502 2569 659 2654 ingressus
674 2571 730 2636 est.
753 2570 854 2653 ipsam
868 2589 989 2654 quoqm
1002 2574 1043 2638 ad
1057 2575 1089 2638 te
1104 2574 1196 2641 dieti-

74 2688 177 2750 onem,
194 2689 254 2753 qua
269 2675 500 2738 sommendatus
521 2673 579 2750 est,
594 2671 758 2752 destinant,
779 2673 815 2737 in
830 2691 892 2755 qna
911 2691 975 2738 non
989 2673 1197 2757 eloquentium

73 2773 131 2840 sed
155 2777 229 2840 uota
251 2791 425 2857 cognoscas.
453 2775 524 2840 nale
552 2792 639 2861 engo,
667 2774 713 2840 mi
734 2774 874 2856 domina,
896 2775 929 2840 et
949 2775 977 2840 si
999 2775 1065 2842 fieri
1085 2781 1197 2862 potest,

73 2876 193 2942 nostris
215 2884 247 2942 te
269 2893 341 2942 oum
362 2876 412 2942 dei
434 2874 627 2942 ordinatione
650 2877 742 2943 redde
760 2875 992 2960 eonspeotibus.

128 3170 141 3221 1
167 3168 338 3222 estimabitur
360 3168 388 3222 Β
490 3185 564 3224 mens
582 3183 638 3224 esee
661 3168 723 3234 LV,
750 3136 845 3223 mens‘u'
862 3169 887 3223 Τ
907 3172 946 3235 (ὦ
963 3169 1028 3223 odd.
1046 3185 1080 3226 ue.
1098 3173 1128 3236 Β)

73 3254 199 3308 feritates
216 3253 244 3307 Β
345 3253 479 3308 2unbolis
497 3255 525 3310 Β
624 3254 862 3310 tmeserationom
879 3254 918 3311 B¹
1015 3256 1196 3328 epraopositi

76 3339 112 3394 T¹
226 3340 242 3392 'i
268 3339 385 3408 propicio
411 3339 439 3394 Β
552 3339 675 3395 dominus
702 3340 731 3395 Β
844 3341 861 3394 8
886 3339 1020 3409 tygridem
1046 3341 1132 3397 BLV

73 3439 266 3514 inmanitatem
283 3459 311 3512 Β
397 3433 487 3532 ἕρπω
507 3459 533 3514 Τ
614 3461 795 3516 inuenissel‘
896 3460 929 3515 10
946 3462 1082 3530 postabui
1099 3463 1128 3516 Β

75 3547 105 3600 11
133 3549 245 3614 nunqui
270 3544 299 3598 Β
402 3547 434 3602 12
461 3547 491 3602 ni
517 3563 552 3602 eu
574 3562 601 3600 m
630 3547 655 3602 T
756 3545 893 3602 malibolis
918 3547 1073 3602 obstetisset
1098 3549 1126 3602 Β

73 3631 107 3686 13
125 3631 214 3685 leaena
232 3630 259 3685 L
377 3633 480 3688 oswius
503 3633 532 3688 Β
658 3634 691 3688 14
713 3635 796 3688 eremi
817 3633 898 3688 dtrm.
1018 3634 1194 3704 ponitralibns

72 3717 109 3784 Β,
135 3715 344 3785 penetras-libus
363 3719 396 3785 (li
407 3720 490 3788 aas.)
506 3719 534 3772 L
620 3719 653 3774 16
669 3717 838 3788 exprobratio
855 3719 894 3784 Β,
919 3719 1072 3788 exprobatio
1091 3721 1126 3774 T¹

72 3801 233 3856 udofisoanta
252 3802 278 3856 Β
377 3803 408 3859 11
426 3803 559 3874 dominus]
577 3803 640 3860 deus
659 3803 743 3860 uim
845 3805 876 3858 18
893 3805 1027 3872 presentia
1044 3804 1130 3859 BLV

75 3890 106 3943 19
134 3887 257 3944 benificio
279 3889 319 3952 B,
351 3888 476 3966 benefitio
506 3890 534 3943 V
580 3938 583 3943 .
631 3890 665 3945 20
691 3889 850 3958 denegatur]
873 3889 1018 3958 derogatur
1039 3889 1124 3948 aare.

73 3973 397 4065 affirmant
423 4011 454 4078 (n
473 4013 552 4080 m.)
578 4010 605 4065 n
715 4011 750 4064 us
773 4013 803 4064 a
831 4009 901 4065 us.
919 4011 937 4064 o.
954 4013 1026 4065 aa
1133 4029 1194 4069 eon-

74 4095 218 4165 speotibns]
236 4095 298 4150 finit
315 4095 380 4152 add.
399 4096 454 4151 ΒΤ

1056 4337 1093 4390 6*
