2992 4967
303 328 345 395 46
694 324 847 381 Uictoris
866 322 1024 378 Uiteuris

303 533 368 581 esse
398 516 536 579 loentum
565 513 727 579 manifesto
754 513 914 595 nouimus3
941 512 1032 577 modo
1062 527 1207 577 oreusere
1235 528 1297 575 non
1319 510 1435 578 debes

304 617 487 700 praesertim
510 617 582 699 quie
604 620 640 683 tu
661 616 754 683 huius
772 617 818 683 roi
839 619 1018 684 incendium
1038 602 1220 682 ssessc'.
1246 612 1288 677 nc
1310 612 1436 677 uidens

304 719 471 787 osthclioos
491 718 648 802 episcopos
663 720 704 784 ad
718 720 899 787 conflictum
915 718 1016 803 magis
1031 717 1128 783 fuisse
1141 716 1277 800 perustos,
1292 715 1435 780 omuino

302 823 494 891 audientiam
516 822 643 889 diuersis
665 823 915 889 minationibus
931 821 1107 887 declinarit
1130 818 1220 899 ond
1231 818 1308 883 ente
1322 818 1435 882 nostri

303 924 516 1005 praecidentes
548 924 693 991 libellum
728 927 765 991 de
795 926 856 991 fide
891 924 1135 1007 conscripserant
1165 923 1243 986 setis
1275 920 1466 985 decenters

303 1025 551 1110 sufficienterque
579 1030 799 1109 conscriptum,
833 1028 986 1096 dieentes:
1019 1024 1055 1089 ‘si
1084 1025 1222 1091 nostram
1250 1022 1351 1089 tidem
1377 1040 1433 1087 oo·

302 1146 448 1215 gnoscere
470 1130 661 1213 desideretis,
684 1130 760 1197 hseo
781 1134 831 1197 est
852 1130 969 1196 ueritas
990 1146 1085 1212 quem
1106 1126 1268 1193 tenemus’.

543 1534 686 1619 LIBER
712 1536 842 1619 nrnnl
867 1532 1175 1619 carflcnlcrn.

253 1746 294 1811 56
348 1742 421 1826 (ΙΙΙ,
440 1745 469 1823 l)
496 1742 605 1826 Reguli
621 1742 750 1825 imperio
765 1742 838 1807 fidei
853 1740 1033 1820 senense,
1050 1757 1143 1822 quarn
1159 1743 1311 1815 tensurus,
1331 1758 1429 1823 prse-

304 1846 435 1928 cipirnur
457 1846 584 1911 reddere
605 1845 774 1923 rationem
796 1845 924 1926 ideoque
944 1842 1142 1927 adgredimur
1164 1859 1219 1923 pro
1241 1845 1458 1907 nostrarums

304 1949 418 2013 uirium
440 1947 661 2025 mediocritate,
685 1946 791 2011 diuino
813 1946 887 2011 fuiti
909 1945 1068 2023 adiutorio,
1091 1946 1171 2027 qnod
1193 1944 1353 2009 credimus
1376 1946 1429 2009 uel

303 2050 525 2133 praedicamus,
560 2050 695 2114 breuiter
728 2047 884 2113 intimare
923 2049 1064 2114 Primum
1095 2045 1194 2131 igitur
1227 2048 1266 2111 de
1296 2046 1428 2111 unitate

304 2152 497 2217 substantias
517 2155 616 2235 patris
639 2156 671 2216 et
693 2151 765 2229 filii,
796 2153 877 2232 quod
899 2149 1009 2217 Graeci
1031 2151 1190 2216 omousion
1211 2149 1342 2228 dicunt,
1373 2171 1426 2213 er-

304 2256 476 2339 ponendum
498 2256 586 2320 nobis
609 2275 673 2321 esse
702 2256 921 2339 cognoscimus.
960 2256 1085 2321 Patrem
1113 2270 1185 2335 ergo
1208 2257 1240 2319 et
1261 2251 1370 2317 filiurn
1394 2268 1426 2317 et

304 2358 449 2439 spiritum
476 2360 619 2423 sanctum
647 2360 692 2423 ite
719 2358 753 2423 iu
783 2358 903 2424 unitate
937 2358 1063 2423 deitatis
1092 2355 1290 2437 profitemur,
1325 2358 1366 2419 ut
1394 2362 1454 2419 ets

304 2466 423 2538 petrem
443 2461 476 2525 in
498 2480 554 2525 sua
576 2462 772 2544 proprietatis
794 2479 924 2543 persona
945 2458 1114 2524 subsistere
1136 2462 1167 2522 et
1182 2456 1283 2522 filium
1305 2456 1424 2523 nihilo-

304 2564 405 2629 minus
427 2566 460 2629 in
482 2564 607 2646 propria
629 2566 731 2627 extare
753 2582 883 2646 persone
906 2564 998 2644 atque
1019 2563 1165 2644 spiritum
1181 2561 1325 2625 sanctum
1350 2581 1424 2643 per·

304 2685 396 2731 sonae
423 2686 496 2731 sune
525 2667 743 2747 proprietatem
772 2666 905 2731 retinere
933 2664 1016 2730 fideli
1046 2664 1233 2729 consessione
1255 2662 1422 2739 fateamur,

304 2788 363 2835 non
386 2771 516 2834 eundem
539 2774 708 2834 asserentes
731 2770 852 2849 patrem
869 2788 959 2850 quern
980 2768 1083 2831 filium
1102 2784 1200 2848 neque
1221 2764 1323 2830 filiurn
1347 2786 1421 2830 con·

304 2872 425 2936 fitentes
448 2873 501 2953 qni
522 2876 609 2953 pater
629 2873 672 2937 sit
694 2875 748 2938 eut
770 2872 898 2954 spiritus
921 2873 1061 2949 sanctus,
1083 2889 1182 2952 neque
1204 2870 1250 2934 ite
1271 2867 1452 2950 spiritumn

304 2978 444 3039 sanctum
468 2975 635 3055 accipimus
658 2976 693 3037 ut
719 2978 772 3039 eut
795 2979 883 3057 pater
905 2976 947 3038 sit
969 2972 1143 3039 sutilius:
1166 2974 1218 3037 sed
1241 2971 1420 3055 ingenitum

357 3230 370 3282 1
399 3229 539 3282 manifesto
570 3230 671 3300 WMst
779 3228 896 3283 excusari
922 3246 941 3283 o
1050 3230 1067 3283 5
1093 3230 1305 3297 conscripserunt
1331 3230 1350 3296 β

306 3314 320 3366 Ι
338 3316 466 3368 tenemus.
486 3314 602 3383 Explicit
615 3315 682 3369 liber
694 3315 722 3369 11
736 3318 796 3378 (om.
809 3316 862 3369 Me
868 3317 905 3384 β).
923 3315 1024 3383 Incipit
1033 3314 1102 3369 liber
1114 3314 1173 3369 fidei
1187 3314 1333 3369 catholicae
1345 3316 1417 3382 (fidei

303 3400 449 3455 catholicae
467 3402 534 3454 liber
556 3401 634 3467 VOs)
652 3400 841 3470 BVGWsafl.
869 3400 947 3455 Liber
965 3400 1060 3469 insipit
1083 3400 1145 3453 fidei
1162 3400 1306 3455 mthoiicee
1322 3402 1360 3454 Μ

356 3536 427 3591 A:
439 3538 563 3591 lectiones
582 3536 679 3591 codices
697 3536 893 3591 Louduoonsis
910 3541 961 3591 113
977 3553 999 3592 s.
1012 3537 1069 3603 IX,
1088 3538 1121 3591 ao
1139 3538 1250 3592 Halmio
1268 3538 1366 3593 colluti.

358 3640 456 3708 Incipit
474 3640 580 3693 libellus
597 3641 778 3709 episcoporum
795 3640 985 3694 catholicorum
1003 3640 1038 3693 od
1054 3641 1209 3694 hunericum
1227 3656 1316 3709 regem
1333 3656 1415 3695 unau-

305 3725 424 3779 delorum
448 3726 538 3779 dotum
556 3726 583 3777 A
697 3726 852 3779 titenemur
869 3724 927 3779 BV
1039 3727 1070 3779 ll
1093 3725 1191 3778 auxilio
1207 3728 1235 3779 A
1350 3742 1415 3795 qnae

306 3812 334 3865 A
436 3811 468 3863 12
486 3810 578 3863 leuiter
597 3810 642 3863 Po
748 3812 779 3865 13
798 3810 951 3864 homousion
968 3813 996 3865 A
1014 3826 1118 3878 semper
1136 3816 1161 3863 et
1177 3812 1248 3865 otio
1274 3798 1413 3880 omousion

309 3897 347 3952 W
449 3896 480 3949 14
506 3896 686 3964 cognoscimur
711 3897 739 3950 A
842 3898 873 3950 16
899 3895 1060 3965 proprietate
1082 3898 1244 3965 personsefl
1346 3897 1412 3951 nihil

305 3981 429 4034 hominus
451 3980 504 4036 Wb
605 3982 637 4035 17
655 3983 769 4036 excitare
786 3981 843 4036 1⁷0¹
947 3980 979 4035 18
996 3980 1158 4049 proprietate
1179 3982 1211 4037 0²
1306 3984 1412 4037 retineri

305 4064 405 4119 BVCs
517 4068 548 4120 19
570 4071 713 4121 asserentes
730 4068 796 4123 ron:
824 4067 971 4121 adserentes
988 4066 1120 4122 Halmius
1219 4084 1302 4137 nsque
1319 4068 1410 4135 filium}

308 4163 392 4216 neque
410 4151 520 4205 cundem
538 4152 621 4205 filium
640 4153 667 4205 A
770 4152 804 4207 20
822 4152 880 4221 qui]
898 4154 962 4220 quie
979 4152 1033 4207 PR
1132 4153 1169 4207 sit
1186 4170 1235 4207 om.
1251 4154 1280 4207 A
1374 4156 1410 4206 ite

304 4236 391 4302 emp
