2992 4967
270 369 336 435 490
628 362 741 432 Magni
762 360 888 416 Felicis
906 359 1038 414 ldnnodi

272 557 429 633 deterius,
460 573 522 620 non
546 553 674 621 amanti.
708 551 833 636 quantis
856 550 964 618 oblata
985 571 1004 616 a
1025 569 1076 616 me
1098 548 1228 633 proiciet
1251 547 1410 613 alimenta

272 658 432 725 fastidiis?
454 675 514 742 quo
537 657 735 724 decetionem
758 674 860 724 meam
876 672 1004 723 rancore
1019 651 1177 723 calcabit?
1198 653 1294 718 homo
1310 669 1410 734 quom
1491 663 1492 712 3

271 759 505 828 misericordem
526 759 651 845 babere,
675 763 708 828 et
729 759 806 828 dnm
828 777 929 830 oemto
950 757 1032 829 iuter
1047 761 1196 836 extrema,
1218 773 1281 822 nou
1303 755 1410 840 potui

272 882 308 931 er
331 883 427 948 aequo
449 882 501 930 me
515 866 547 930 et
567 881 754 946 germanum
776 877 881 930 meum
902 861 1149 944 redemptionem
1170 858 1289 927 litteris
1307 875 1411 942 pouc-

272 967 368 1034 scisse
390 967 564 1044 denuntiet
593 967 722 1048 ouibus
751 964 982 1034 absolutionem
1002 963 1176 1047 iuolcrusse
1197 959 1351 1042 locrirnio,
1377 961 1413 1028 iu
1436 981 1448 1020 ⁵

273 1070 370 1137 simili
404 1070 556 1154 epistulas
587 1069 776 1137 constitutos
810 1070 893 1137 sorte
926 1065 1070 1136 deense.
1108 1084 1170 1138 aon
1201 1083 1317 1144 renuo,
1347 1080 1414 1130 noa

272 1173 389 1240 refuto:
413 1174 509 1241 habet
530 1173 569 1237 de
590 1172 651 1239 huc
672 1171 844 1241 obiectione
866 1171 1040 1240 uictoriam.
1063 1168 1145 1238 illud
1159 1173 1268 1241 tamen
1282 1166 1413 1252 flagito,

274 1295 351 1358 quae
373 1293 467 1342 musa
487 1274 598 1344 feerit
617 1275 653 1342 ut
667 1277 757 1357 quod,
780 1271 889 1360 (dum)
905 1274 965 1342 duo
980 1275 1194 1360 mposoeruat
1218 1269 1344 1341 duobus
1360 1273 1414 1338 est

274 1379 425 1458 debitum,
441 1395 522 1445 unus
536 1378 709 1461 oweperiti
724 1396 782 1460 pro
796 1377 937 1460 utrisque
951 1377 1053 1446 maria
1066 1373 1192 1444 intrasti
1204 1379 1236 1440 et
1252 1373 1414 1456 liquentis

274 1483 421 1550 elementi
443 1482 555 1558 minas,
579 1483 732 1565 quacum
753 1481 880 1565 adseris,
903 1479 1023 1562 pietate
1045 1479 1123 1551 duce
1147 1477 1301 1550 bonsisti.
1338 1477 1446 1562 quse

275 1586 313 1650 de
333 1586 459 1668 gemina
487 1585 619 1652 caritate
647 1585 753 1654 credat
780 1584 900 1653 homini
926 1601 1001 1648 cum
1022 1599 1084 1648 uno
1106 1581 1276 1650 redeunti?
1313 1599 1413 1648 num·

274 1707 369 1771 omni
389 1687 604 1755 misericordie
632 1689 693 1758 uisi
715 1687 896 1771 periclitata
923 1685 1087 1756 laudeturr
1115 1703 1175 1768 quo
1197 1683 1318 1766 pudore
1341 1700 1414 1752 oss-

273 1795 363 1858 sante
384 1790 498 1858 effectu
520 1791 718 1874 praedicatur
740 1791 887 1860 affectio?
917 1787 1069 1870 namquo
1097 1805 1218 1870 compa
1245 1787 1412 1857 seeum

274 1897 408 1978 pectoris
428 1894 597 1962 innotescit
617 1895 770 1965 ueraciter
792 1896 880 1962 clauo
903 1893 1077 1964 sermonis?
1107 1891 1222 1974 pietas,
1243 1907 1324 1972 quae
1345 1907 1411 1957 abu

274 1997 371 2062 ctiam
392 1999 483 2064 muta
502 1997 596 2066 rebus
617 2001 750 2075 ceneta,
773 1999 930 2069 ostentum
953 1999 1010 2068 est.
1038 1995 1122 2065 inter
1137 2011 1246 2065 omues
1261 1992 1442 2063 bonnac

273 2101 460 2168 inconuulsa
486 2118 572 2168 amor
600 2101 702 2171 radice
731 2101 898 2178 subsistet,
924 2103 951 2168 si
980 2103 1068 2172 ualet
1093 2099 1158 2170 iste
1182 2095 1324 2168 iactatio
1357 2095 1411 2164 lex

274 2204 372 2272 dicit:
419 2204 492 2273 “aut
528 2203 593 2272 slat
630 2205 686 2273 aut
721 2204 910 2276 uinciatur''.
960 2206 1077 2274 clamat
1118 2205 1229 2286 pater:
1275 2198 1409 2282 ‘bostut

273 2307 334 2372 iste
367 2307 506 2390 parenti,
543 2305 596 2376 uel
628 2307 657 2376 oi
689 2323 749 2376 non
783 2306 931 2384 redimat,
969 2308 1033 2376 iam
1067 2301 1226 2376 debetur’‘·
1275 2301 1317 2370 ad
1352 2300 1410 2371 has

273 2414 305 2476 te
339 2410 481 2491 equidem
513 2414 633 2496 pano,
665 2429 739 2480 curo
773 2411 812 2478 ab
844 2411 961 2496 officio,
997 2412 1047 2478 cui
1074 2429 1143 2482 eras
1169 2425 1225 2491 por
1257 2409 1410 2474 usturam

273 2513 430 2591 obnoxias,
459 2531 606 2593 cosmos
639 2513 786 2583 amasti:
820 2514 940 2596 proicit
968 2517 1095 2582 uentoso
1123 2511 1292 2584 nonnisi
1324 2509 1441 2594 quoda

272 2616 426 2699 mulsae
453 2620 603 2700 negutum
626 2620 674 2685 ost
695 2617 829 2699 turpiter
857 2618 997 2700 puritati.
1033 2617 1124 2688 orode
1144 2613 1233 2696 mili,
1257 2615 1308 2684 lex
1333 2630 1409 2678 oum

272 2723 435 2801 pareom
465 2719 662 2800 tonuisset,
694 2737 755 2791 nou
784 2719 885 2791 tacuit
918 2721 1162 2803 redemptorem:
1199 2717 1328 2788 locata
1357 2721 1408 2784 est

272 2820 366 2889 iussit
404 2824 533 2892 extorsit
573 2823 718 2893 undena
757 2821 948 2892 sufficienter
981 2823 1094 2906 moleri
1126 2820 1268 2906 religiosi
1301 2821 1406 2905 operis

272 2927 468 2991 summonte
487 2943 541 3008 per
564 2924 701 2993 nomina
736 2925 902 2994 calamiae
929 2942 1000 2992 moa
1021 2943 1130 2999 sensus
1152 2927 1223 2995 tuos
1246 2927 1287 2992 ad
1308 2923 1405 2994 huius

271 3025 317 3092 rei
339 3027 518 3094 intellectus
541 3026 690 3098 obnubit:
716 3027 891 3109 redemptio
914 3026 982 3102 dlii,
1004 3045 1084 3109 quae
1107 3029 1157 3094 est
1178 3027 1212 3096 in
1235 3025 1436 3110 dfligeoliu

272 3128 522 3208 nwoeeitndinia
533 3148 602 3197 esee
612 3147 673 3198 nou
684 3129 788 3212 potuit
798 3132 829 3195 et
841 3129 875 3198 iu
885 3131 1072 3213 praeceptis
1088 3129 1287 3214 impietatem
1297 3147 1404 3201 meatu

272 3231 304 3299 et
325 3231 360 3298 in
379 3230 566 3299 liberatione
587 3232 696 3300 fratris
718 3233 880 3312 nuliam,
903 3235 978 3304 dum
993 3233 1114 3302 Ledaea
1130 3233 1261 3318 pignora
1278 3232 1403 3310 laudes,

325 3419 421 3488 ique]
441 3420 488 3488 qni
504 3419 533 3473 Β
635 3419 742 3474 diriter
761 3425 785 3487 (r
802 3420 834 3474 ia
852 3433 906 3474 roe.
920 3423 1003 3487 corr.)
1020 3420 1048 3474 Β
1151 3421 1168 3474 6
1186 3417 1273 3472 simile
1292 3418 1334 3472 B¹

272 3507 436 3560 conetitutus
454 3505 495 3572 Β,
523 3505 671 3560 condtutos
689 3505 716 3560 L
818 3505 928 3578 realnuo
947 3506 974 3560 Β
1076 3521 1130 3560 non
1147 3505 1236 3560 refuto
1254 3504 1318 3568 Bb,
1348 3519 1402 3558 non

271 3602 360 3646 rerum
383 3589 465 3646 ΒΝ
486 3589 543 3656 (aed
564 3607 646 3646 renuo
670 3595 688 3644 11
710 3605 799 3645 rerer·
825 3589 853 3645 V
875 3591 907 3646 io
932 3591 1022 3660 epoto
1045 3607 1139 3647 uoces
1158 3590 1225 3651 udd-
1247 3607 1283 3646 aa.
1299 3593 1332 3656 2)

272 3677 408 3733 thebeat
424 3677 452 3730 Β
471 3679 517 3742 (se
532 3678 597 3745 rec.)
621 3676 636 3731 b
738 3676 935 3738 absconsi»
1038 3677 1144 3764 flagitio
1166 3677 1194 3733 Β
1297 3677 1316 3731 8
1337 3676 1401 3732 dum

271 3779 383 3848 addidi,
409 3779 543 3877 mulctet
646 3779 663 3833 9
685 3781 813 3850 occiperit
833 3777 874 3835 Βι
975 3779 1094 3850 liquenti
1111 3780 1139 3836 11
1240 3779 1276 3834 10
1292 3795 1401 3836 nosne·

271 3882 299 3936 Β
404 3884 434 3937 11
453 3881 564 3938 ceritate
580 3881 611 3936 Β
712 3882 746 3936 14
763 3883 910 3937 mnctoecet
927 3879 956 3937 Β
1055 3881 1132 3937 clane
1149 3888 1173 3949 (c
1189 3885 1221 3938 rba
1232 3898 1289 3938 roe.
1307 3898 1345 3938 ea·
1361 3885 1400 3938 ol

271 3966 397 4033 corr.)L
484 3968 517 4023 15
528 3969 650 4023 domimo
662 3967 794 4022 omneoT
878 3967 911 4023 l'l
927 3968 1063 4023 vruiutiatur
1082 3969 1109 4023 V
1189 3969 1286 4024 chanst
1303 3969 1332 4023 Β

273 4052 308 4107 18
329 4051 437 4108 debitur
460 4054 499 4108 Β1
604 4054 637 4109 19
658 4053 798 4123 sequidem
823 4056 862 4109 Βι
964 4053 1002 4109 20
1017 4069 1132 4108 cessores
1149 4055 1262 4127 scripsi,
1289 4056 1398 4111 cremiis

270 4139 337 4195 lebre'
438 4141 589 4196 munumini
607 4140 646 4197 Β·
750 4139 782 4196 21
802 4141 907 4212 gemine
927 4142 952 4196 Τ
1053 4139 1088 4195 24
1105 4143 1170 4195 tune
1187 4141 1332 4198 BLT¹Vb

271 4224 484 4367 {dobnolictdli
512 4311 540 4365 Β
568 4225 610 4281 dil
627 4227 667 4281 B¹
755 4225 789 4282 26
806 4229 898 4286 stom.
917 4227 999 4283 m
1082 4225 1115 4280 27
1133 4225 1207 4281 ledea
1223 4223 1284 4294 ΒΤ,
1308 4229 1398 4317 laedes

430 4315 495 4366 uec
