2992 4967
446 362 683 433 Epistnlnrun
706 367 795 424 liber
812 368 906 426 vnn.
1176 374 1242 445 229

113 554 148 619 in
161 560 341 621 nostrorum
356 554 431 621 noh
445 554 662 623 annuentibus:
685 572 742 639 ego
759 556 842 625 euris
856 560 963 627 deuse
975 560 1077 643 oupie.
1097 558 1240 643 quotenus

115 658 239 723 felicem
261 656 421 721 inscitiam
436 658 577 740 seqnitur
592 658 646 740 qui
665 658 835 741 praeeedit.
857 678 932 743 ergo
947 661 1096 731 lenton
1111 662 1241 730 steten

114 759 270 843 eeoipisns
304 760 438 827 rescribe
470 758 566 838 mihi,
601 760 675 843 quid
703 778 775 827 eum
802 762 907 829 enimo
935 764 989 829 tuo
1024 764 1139 850 pagine
1171 784 1243 833 mes

114 862 226 947 egerit.
271 882 344 929 nem
377 863 406 927 si
438 881 516 946 ques
549 864 627 929 mihi
659 864 703 930 sit
736 866 892 933 sententie
924 867 1059 953 flagites,
1094 885 1151 953 ego
1172 868 1243 951 ipss

87 966 288 1035 sstndiorum
310 965 489 1035 liberalium
512 970 637 1037 numius
659 969 731 1037 istun¹
745 970 890 1037 emur.

655 1173 699 1243 ΙΙ.

498 1307 636 1365 FAVSTO
663 1308 856 1369 ennomus.

156 1428 226 1495 Stet
255 1428 335 1512 epod
365 1430 589 1497 wsseientism
617 1430 764 1499 oriminis
788 1432 886 1497 uestri
907 1431 983 1515 quid
1012 1430 1156 1500 sublimis
1180 1432 1241 1497 uiri

111 1534 257 1599 anstini
279 1534 352 1599 noto
375 1534 541 1599 imus
563 1538 594 1601 et
617 1536 742 1618 generi:
772 1537 805 1600 st
824 1535 894 1601 ideo
912 1537 1059 1618 queem
1080 1535 1162 1619 spui
1184 1548 1241 1601 nos

72 1638 219 1703 recredet
241 1636 389 1703 sufficere
411 1637 493 1719 quod
516 1654 570 1720 pro
591 1637 658 1703 filio
679 1642 771 1720 peter
790 1638 932 1724 rogauit,
966 1655 1023 1723 per
1052 1656 1102 1707 me
1131 1644 1240 1707 temen

111 1742 188 1823 quie
202 1756 312 1823 perum
327 1741 420 1822 putet
437 1740 503 1805 eins
519 1739 696 1805 sollioiiudo
711 1741 793 1823 quod
806 1741 917 1824 egerit,
933 1755 1041 1824 preses
1055 1742 1241 1825 frmummt,

111 1860 242 1927 sperem
270 1847 310 1907 ot
342 1844 449 1908 nostre
475 1843 656 1909 adusseens
684 1844 724 1911 ed
752 1847 893 1909 meteres
915 1842 972 1909 deo
999 1846 1123 1929 enspiee
1145 1859 1244 1910 neoroe

111 1946 268 2029 erigetur:
296 1948 455 2012 nossetis
477 1951 649 2030 praecepte,
673 1948 747 2031 quid
766 1948 857 2030 sequi
879 1946 1001 2024 debm,
1025 1949 1099 2031 quid
1120 1964 1243 2035 osone,

112 2068 170 2115 nos
194 2048 276 2132 opud
290 2066 368 2133 qnos
385 2052 594 2117 senonensium
610 2050 807 2118 credideritis
820 2050 987 2134 scriptione
999 2053 1241 2135 prosequemini.

74 2152 191 2220 nshnee
220 2152 281 2218 sn‘o
315 2152 438 2219 eulmen
466 2158 623 2233 uestrum,
652 2152 751 2218 etism
773 2154 801 2218 ei
823 2158 955 2235 tersum,
978 2162 1047 2220 esse
1067 2155 1241 2222 notnrnm:

111 2256 168 2321 sed
190 2272 248 2321 nee
269 2257 356 2339 potui
379 2257 461 2323 tenti
484 2257 544 2323 uiri
567 2257 710 2340 preeibus
734 2258 841 2322 deesse
855 2272 913 2322 nee
934 2257 1036 2323 istd.
1066 2275 1126 2340 que
1149 2258 1188 2323 de
1209 2274 1243 2323 re

111 2362 272 2441 permotus
303 2358 440 2424 lacrimis
469 2359 609 2442 superius
637 2360 837 2442 oonprehensi
862 2364 895 2424 et
920 2376 979 2443 ego
1000 2358 1078 2425 iisne
1102 2360 1243 2445 subplieo

111 2480 166 2545 per
200 2461 289 2527 illem
320 2480 398 2545 quse
437 2462 526 2527 nobie
553 2478 573 2527 s
601 2462 657 2527 deo
687 2478 835 2527 eonoesse
862 2464 910 2527 est
938 2464 1161 2531 eonseiennem
1187 2465 1245 2546 (sie

110 2564 279 2647 petitiones
309 2568 430 2631 uestras
461 2566 513 2650 pie
542 2566 717 2649 martyrum
745 2565 897 2631 ssluutori
920 2568 1025 2631 nostro
1047 2567 1244 2634 sommendet

71 2690 100 2733 ro
111 2668 274 2751 adsertio),
298 2672 336 2733 nt
357 2668 528 2734 effiesoiter
544 2670 624 2751 opud
641 2686 696 2734 uos
710 2672 742 2733 et
757 2669 879 2733 orestes
900 2683 956 2751 pro
974 2668 1040 2734 filio
1061 2671 1093 2735 et
1111 2669 1242 2735 domnus

110 2770 281 2837 Faustinus
315 2790 373 2855 pro
399 2770 566 2836 Ambrosie
594 2770 765 2855 suppliest:
807 2772 842 2835 et
873 2768 1014 2836 onoinots
1046 2772 1244 2853 pmeoietum

110 2875 258 2940 iuuenem
281 2876 313 2939 st
336 2876 423 2941 orste
449 2892 504 2957 pro
533 2876 616 2957 ipso,
645 2878 682 2939 ut
703 2874 934 2940 adnleseentem
956 2874 1134 2939 Bonnense
1154 2873 1245 2939 uenis

110 2978 213 3062 possit
244 2996 301 3043 nee
326 2979 444 3045 morbis
477 2979 667 3061 extinguere.
706 2978 772 3043 seio
798 2994 854 3043 uos
875 2975 968 3060 pluro
989 2976 1071 3060 spui
1092 2976 1244 3054 hominos,

109 3084 161 3147 sed
185 3081 307 3147 meiere
326 3084 408 3163 apud
427 3082 518 3147 deum
534 3081 719 3165 preeuslere
743 3086 776 3145 et
788 3080 860 3147 ideo
875 3096 1004 3145 moeros
1016 3079 1083 3145 iem
1097 3078 1245 3145 effoetum

71 3184 174 3251 siliis
197 3183 350 3266 polliceor
373 3202 452 3267 quos
476 3185 666 3251 commendo.
712 3198 786 3264 ergo
812 3182 1023 3251 reuerentinm
1043 3182 1243 3249 soluistionis

110 3287 273 3353 exsoluens
297 3286 404 3369 peusis
436 3287 538 3352 multe
572 3289 723 3354 enimi.
769 3286 888 3353 suffieit
923 3287 980 3352 deo
1004 3286 1157 3369 plseentis
1180 3286 1242 3351 uiri

163 3510 177 3563 1
196 3508 416 3562 conuenientibus
434 3508 461 3563 L
561 3508 630 3563 euris
643 3506 733 3561 deesse
744 3506 852 3575 scripsi,
871 3506 940 3560 coris
952 3504 1060 3559 donssse
1077 3504 1113 3569 Β,
1132 3504 1244 3557 donasse

108 3594 179 3649 euris
203 3592 332 3649 LPTVb
425 3595 442 3647 2
460 3592 596 3648 infelicem
615 3590 663 3646 Pb
751 3590 862 3646 inscitie
879 3592 945 3657 fort.
963 3589 1137 3645 mendum
1155 3594 1182 3643 et
1198 3590 1246 3657 qui

108 3678 247 3747 prseeedit
265 3680 484 3748 (=prseistnm)
504 3676 541 3732 ari
560 3678 687 3732 honorem
700 3674 929 3741 reformassent
1012 3674 1164 3729 oreserits
1181 3675 1247 3741 (sori

105 3780 168 3833 sup.
187 3766 276 3817 rest
295 3764 360 3833 litt.)
383 3764 409 3818 L
515 3762 651 3832 iflegltis
669 3762 696 3815 Β
1280 3762 1291 3777 “

161 3868 199 3923 Π.
228 3869 318 3923 Sueri
337 3866 364 3922 Β
464 3868 481 3922 9
500 3866 642 3921 debeamus
660 3864 719 3929 ΒΤ,
746 3862 856 3919 deberem
874 3862 975 3918 LPVb
1064 3845 1179 3919 'neon

109 3954 143 4008 12
163 3952 264 4021 uestro]
282 3956 373 4008 noster
392 3954 450 4020 Pb,
483 3957 571 4008 uester
595 3954 723 4009 Sehottess
826 3947 978 4005 antissent
1004 3945 1031 4003 B
1134 3948 1168 4003 15
1194 3949 1247 4004 hoo

107 4038 155 4093 Pb
262 4037 294 4093 16
316 4055 364 4093 nso
381 4038 552 4094 debui—neo
569 4038 646 4109 potsi
668 4034 796 4093 LPTVt
900 4034 934 4088 18
960 4033 1124 4089 eonseientiu
1151 4035 1179 4089 Β

107 4124 141 4179 19
152 4129 181 4179 et
192 4126 335 4193 petitiones
351 4126 376 4181 T
460 4126 534 4193 piem
546 4125 573 4178 Β
676 4121 841 4178 commendit
852 4120 880 4175 Β
971 4118 1137 4177 eniminum
1150 4120 1178 4174 Β

107 4208 286 4279 edufiwentei
308 4211 336 4267 Β
436 4226 537 4265 rernsm
555 4208 583 4265 L
678 4208 714 4265 28
729 4206 832 4263 morbis
850 4202 886 4271 Β,
912 4204 1031 4260 moritus
1047 4203 1177 4262 mue

107 4294 142 4349 26
160 4294 266 4351 snifleet
282 4296 310 4350 Β
410 4296 544 4365 plsoentss
563 4294 699 4351 BL¹T¹V
