2992 4967
474 357 710 427 Epistularum
727 359 816 416 liber
832 357 855 412 Ι.
1178 364 1218 428 21

100 550 184 626 sunt,
209 547 400 626 emendetur,
425 552 456 613 et
477 547 545 612 ideo
568 548 607 612 ad
623 547 798 630 scriptionis
820 546 974 613 culturam
990 549 1089 614 multo
1112 550 1220 614 sudore

101 650 133 714 te
156 667 324 734 praepare,
358 653 394 716 ut
417 652 499 727 uota,
528 668 606 734 quae
632 651 711 716 circa
733 652 767 716 te
787 667 842 734 pro
864 651 1030 716 uenerandi
1051 651 1150 732 patris
1171 651 1218 716 tui

99 752 227 818 meritis
251 757 281 818 et
304 771 407 819 amore
432 753 568 838 concepi,
591 753 629 818 ad
653 752 796 818 effectum
818 754 875 820 sub
897 753 956 818 bec
977 754 1128 819 claritatis
1149 755 1220 821 tuae

98 855 273 922 intentione
296 854 486 939 perueniant

74 1077 87 1116 e
627 1043 683 1108 XI.

371 1177 544 1234 CASTORIO
564 1177 607 1232 El*
626 1177 739 1233 FLORO
757 1175 945 1232 ENNODIVS.

139 1303 312 1371 umentem
328 1301 422 1366 uestri
437 1301 544 1383 gratia
556 1299 710 1366 deberetis
724 1301 861 1366 releuare
872 1298 1027 1384 conloquii
1038 1303 1071 1366 et
1085 1302 1217 1368 amicam

97 1404 297 1486 diligentium
325 1404 502 1470 testimonio
530 1421 664 1470 reserere
695 1403 862 1478 sermonis,
889 1403 962 1486 quia
988 1403 1078 1468 muta
1104 1404 1216 1471 carius

95 1525 175 1588 pene
198 1507 318 1572 obtinet
341 1507 423 1574 uices
440 1505 554 1590 ingrati
569 1507 602 1571 et
615 1525 670 1589 per
683 1505 869 1588 paginarum
884 1504 1106 1572 abstinentiam
1119 1508 1215 1572 inter-

58 1609 217 1691 recipitur
239 1608 287 1674 uie
309 1607 432 1676 amoris.
465 1609 628 1674 absentum
655 1607 769 1674 animis
790 1607 858 1674 sola
877 1608 1053 1674 litterarum
1073 1609 1217 1675 medetur

96 1711 224 1795 oblatio,
247 1729 328 1794 quae
342 1711 475 1794 quodem
490 1711 605 1778 mentis
618 1709 751 1776 artificio
772 1709 875 1794 pingit
896 1710 1061 1794 scriptione
1084 1729 1215 1794 quocum

95 1815 244 1896 loquitur.
275 1815 352 1880 baec
370 1815 454 1896 apud
476 1832 531 1880 uos
552 1831 777 1896 superuacuum
798 1816 944 1895 putamus
965 1814 1118 1894 adserere,
1139 1834 1214 1898 quos

95 1917 244 1984 institute
265 1916 385 1983 nobilia
406 1919 539 1995 acuunt,
569 1917 679 2000 quibus
706 1919 831 1999 praesto
858 1920 907 1983 est
928 1916 1055 2001 sangnis
1076 1917 1215 1984 doctrina

96 2022 296 2086 consortium.
319 2019 398 2087 nibil
419 2021 466 2086 est
487 2021 637 2086 bonerum
655 2019 779 2092 artium,
795 2020 876 2102 qnod
891 2021 1010 2085 nescire
1026 2020 1093 2086 sine
1107 2021 1213 2104 negle-

58 2139 87 2180 ιο
101 2121 226 2205 gentiae
257 2122 350 2204 eulpa
375 2121 516 2205 possitis,
545 2140 622 2204 quoe
649 2123 718 2204 post
744 2122 848 2188 lucem
868 2123 1019 2190 natalium
1040 2124 1213 2190 Romanum

96 2223 191 2290 decus
219 2226 357 2294 Faustus
387 2225 534 2290 instituit.
572 2241 643 2308 ergo
672 2225 774 2308 magis
803 2224 960 2290 latendum
990 2228 1038 2290 est
1070 2244 1121 2292 me
1152 2245 1213 2302 uon

96 2328 208 2392 mereri
232 2329 311 2410 qnod
332 2329 472 2411 postulo,
495 2347 586 2410 quam
610 2345 666 2393 uos
687 2328 806 2393 nescire
833 2328 907 2410 quid
935 2328 1073 2395 debeatis
1095 2328 1212 2397 offerre

94 2429 214 2496 domini
246 2430 306 2511 mi,
341 2429 540 2499 macedonis
569 2431 671 2498 debita
693 2431 876 2497 effusissima
896 2430 1075 2497 humilitate
1095 2433 1212 2514 persol-

94 2551 171 2598 uens
192 2551 310 2616 precor,
333 2533 370 2601 ut
392 2536 518 2601 tandem
540 2531 706 2616 aliquando
720 2553 781 2600 non
795 2535 979 2600 inmemores
995 2535 1212 2603 admonitionis

56 2639 124 2700 sect
146 2635 280 2702 foederis
308 2635 504 2720 rescribatis,
538 2636 621 2702 circa
648 2654 726 2720 quae
748 2654 840 2720 opera
859 2637 965 2720 pigros
985 2654 1041 2702 uos
1063 2656 1211 2706 essenon

93 2739 250 2817 conuenit,
273 2739 346 2821 quia
368 2757 425 2806 nec
446 2739 673 2808 conuersationi
695 2740 818 2804 uesbae
832 2745 942 2806 sancta
956 2741 1143 2808 couscientia
1156 2759 1212 2807 nec

91 2841 169 2908 uber
191 2859 291 2908 sermo
313 2843 415 2926 potest
436 2842 541 2910 deesse
563 2842 743 2925 conloquiis.

144 3113 320 3183 2praepura·
342 3113 368 3168 L
386 3115 417 3169 t?
435 3131 503 3169 aaa.
597 3115 757 3170 tellectum
778 3115 803 3170 T
897 3116 915 3169 4
932 3115 1090 3185 perueniunt
1110 3118 1135 3173 T

143 3217 193 3272 x1.
224 3217 374 3272 'lreuelare
391 3218 418 3273 L
519 3218 635 3288 9poene
652 3218 759 3286 optinet
775 3218 802 3271 Β
898 3218 981 3272 uinces
999 3219 1026 3274 Β
1127 3222 1208 3276 inter·

89 3341 196 3410 cipetur
212 3340 240 3394 Β
354 3339 387 3396 10
408 3311 544 3423 ιὴιωίξω
562 3339 601 3404 Β,
631 3341 659 3404 et
674 3337 829 3394 cosmum
845 3339 906 3404 Pb,·
933 3339 1209 3397 absentium-litte-

89 3456 180 3494 rarum
202 3439 278 3495 Tiro
294 3457 351 3496 ros.
366 3443 438 3495 md
540 3443 570 3496 11
594 3441 697 3497 artifice
721 3440 748 3495 L
850 3441 994 3496 scriBtione
1015 3443 1045 3496 Β
1144 3459 1209 3513 qno·

90 3541 151 3579 cnm
169 3526 281 3594 sorr'pei,
299 3526 370 3594 quod
389 3525 526 3591 moso,
544 3543 609 3596 quor
627 3527 655 3582 Β
758 3528 791 3582 12
808 3543 923 3582 asserere
942 3527 1014 3582 TVb
1115 3529 1148 3584 14
1163 3546 1209 3585 ne·

90 3645 240 3715 gligentiae
260 3645 287 3700 Τ
302 3653 328 3701 et
344 3648 383 3702 cic
399 3649 509 3716 caepim
610 3649 643 3702 15
660 3649 757 3718 positis
775 3649 841 3716 ΒΤ,
863 3613 982 3718 possides
1000 3650 1028 3705 Β
1044 3651 1081 3705 tie
1098 3667 1119 3705 e.
1138 3652 1155 3704 1.
1172 3668 1207 3705 m.

89 3747 141 3785 rec.
163 3729 310 3800 (tichonii)
412 3736 473 3802 post
490 3735 582 3806 lucem]
600 3733 627 3804 p'
644 3735 701 3789 lues
718 3735 745 3788 Β
850 3735 883 3789 16
901 3735 1047 3804 me-quod
1065 3735 1092 3790 T
1105 3737 1137 3791 ia
1153 3752 1207 3791 rae.

88 3854 160 3904 ea
264 3852 295 3906 17
313 3826 418 3921 postire
441 3854 468 3908 v
488 3869 557 3910 eon.
574 3859 643 3909 er
751 3854 785 3910 re
806 3853 918 3924 cominu]
940 3856 1005 3912 eum
1028 3857 1069 3913 Pe
1169 3860 1209 3914 m·

89 3936 195 4004 cespes
213 3936 281 3992 mu
303 3937 438 4004 Burro,
454 3940 538 4027 segc
554 3941 582 3996 Ρ
682 3939 821 3996 erumm-
835 3941 873 4005 ι,
893 3944 921 3996 e
937 3941 1097 4000 effusimme
1113 3944 1141 3998 e

92 4038 123 4091 19
141 4038 299 4094 inmemores
320 4039 345 4092 T
366 4055 451 4096 morse
468 4043 501 4097 teo
517 4059 572 4098 roe.
590 4047 662 4098 Μ
761 4043 952 4113 compresse
