2992 4967
629 348 746 419 Magni
762 347 891 403 Felicis
910 346 1045 403 Ennodi

779 536 888 605 VHII.

638 656 824 713 efflatas
846 654 1038 713 panemve.

319 764 517 848 intercepisti
551 762 695 829 nostrum
728 762 831 827 needo
859 779 951 844 qoem
979 764 1088 828 secuta
1109 758 1281 828 consilium.
1327 780 1405 827 nam

276 866 443 953 paruulum
480 869 581 945 tuum,
620 884 711 948 quem
750 864 926 931 studiorum
962 862 1142 931 liberalium
1178 863 1288 955 debuit
1326 882 1405 931 cura

274 972 463 1056 suscepisse,
497 974 569 1036 ante
592 970 698 1036 iudicii
727 968 939 1034 conuenientia
958 971 1101 1052 tempora
1121 966 1278 1053 religionis
1299 966 1405 1034 titulis
1425 984 1438 1024 ι

274 1074 443 1161 insignisti.
488 1073 663 1139 ueneranda
692 1071 818 1156 quidem
848 1070 1052 1137 ecclesiastici
1073 1071 1174 1135 forma
1194 1072 1327 1148 smuitii,
1351 1073 1405 1137 sed

273 1196 351 1262 qnae
374 1178 413 1245 ad
436 1178 512 1243 duas
537 1179 642 1259 partes
666 1176 809 1240 animum
836 1192 899 1239 nou
920 1174 1053 1241 relaxet:
1090 1192 1189 1239 unum
1217 1175 1250 1239 et
1272 1172 1405 1240 difficile

272 1282 333 1349 iter
362 1285 409 1347 est
440 1298 500 1363 quo
529 1280 593 1345 itur
627 1278 666 1345 ad
697 1276 858 1343 Christum
895 1296 952 1343 nec
984 1279 1149 1361 occupatos
1184 1277 1405 1363 multipliciter

274 1385 442 1471 aliquando
477 1384 529 1449 uia
551 1382 621 1448 arta
643 1382 788 1463 suscepit.
827 1385 1025 1464 properantes
1048 1383 1088 1447 ad
1110 1399 1143 1447 se
1165 1381 1204 1447 de
1227 1380 1405 1464 disciplinis

273 1487 481 1555 saecularibus
504 1485 615 1553 salutis
638 1484 739 1567 opifex
761 1502 824 1549 nou
846 1483 972 1562 refutat,
995 1485 1052 1550 sad
1066 1484 1111 1551 ire
1134 1485 1174 1550 ad
1197 1484 1269 1550 illas
1291 1504 1439 1569 quem-ro

224 1592 228 1607 ’
274 1610 369 1676 quam
393 1590 432 1655 de
454 1606 508 1655 suo
530 1586 631 1653 nitore
652 1606 715 1653 non
737 1587 868 1671 patitur.
891 1585 955 1651 iam
981 1590 1010 1654 si
1032 1606 1104 1653 eum
1132 1589 1247 1653 mundo
1275 1591 1405 1655 subua-

272 1713 375 1773 xeras,
392 1692 501 1758 mundi
515 1692 549 1757 in
566 1710 600 1757 eo
616 1692 777 1758 schemata
791 1709 853 1755 nou
866 1690 1023 1771 requiras:
1039 1690 1184 1757 erubesco
1196 1691 1406 1757 ecclesiastiea

273 1796 469 1880 profitentem
498 1794 686 1859 ornamentis
716 1792 926 1859 saecularibus
954 1794 1097 1876 expolire.
1121 1794 1291 1860 adnuerem
1319 1795 1407 1878 quod

271 1917 326 1985 per
348 1897 522 1964 Patricium
556 1896 732 1973 diacouem,
767 1899 920 1979 quantum
951 1896 1017 1978 ipse
1048 1897 1193 1976 asseruit,
1216 1898 1404 1980 postulasti:

274 2003 347 2086 quid
370 2001 508 2085 oportuit
531 2018 602 2066 eum
631 1997 723 2063 aliter
750 1998 789 2064 ad
818 2016 878 2077 ms,
903 2016 996 2081 quam
1018 1999 1129 2065 diebus
1152 2000 1229 2083 ipsis
1252 2000 1439 2067 incentore

273 2106 330 2181 est,
353 2103 527 2169 <imbuant
571 2100 599 2166 si
627 2102 776 2167 iudicium
808 2120 912 2167 meum
935 2102 1080 2180 consulis,
1102 2103 1173 2167 uolo
1196 2103 1236 2169 ad
1257 2123 1309 2169 me
1330 2123 1406 2187 per·

273 2206 410 2273 tinentes
433 2207 535 2288 magis
556 2206 669 2270 merito
692 2208 815 2270 sanctos
838 2224 902 2269 esse
925 2224 1018 2287 quam
1033 2204 1137 2271 titulo.
1161 2226 1236 2272 nere
1259 2210 1405 2273 animum

272 2329 378 2377 meum
406 2310 444 2374 da
475 2308 591 2391 quistis
619 2308 753 2373 statione
782 2308 820 2373 ad
843 2308 1069 2391 cogitationum
1091 2310 1221 2393 pelagus
1244 2310 1405 2394 expulisti.

275 2413 395 2497 suscepi
407 2412 513 2477 tamen
529 2413 584 2477 deo
601 2411 725 2493 auspice
741 2410 901 2494 sanguinis
916 2410 979 2476 mei
994 2412 1168 2477 uernulam.
1192 2430 1276 2476 nunc
1291 2416 1403 2492 restat,

273 2519 309 2580 ιιι
332 2512 494 2580 conatibus
527 2514 604 2579 meis
642 2514 731 2579 fauor
766 2514 907 2579 caelestis
941 2512 1083 2578 adrideat
1118 2514 1149 2578 et
1188 2514 1441 2598 neglegentiasw

274 2618 440 2685 hominum
473 2618 542 2702 piae
576 2616 800 2682 moderationis
829 2615 970 2681 ubertate
999 2619 1161 2698 conponat.
1207 2615 1344 2697 domina,
1368 2624 1404 2683 ut

276 2738 379 2803 supra,
413 2720 551 2785 salutem
584 2717 724 2783 debitam
759 2718 864 2783 dicam
897 2736 1014 2800 precor,
1053 2723 1088 2782 ut
1121 2737 1204 2784 nuno
1241 2721 1402 2803 geminam

278 2823 521 2890 sollicitudinem
544 2840 600 2905 pro
623 2822 765 2903 utrisque
792 2820 944 2903 suscipias
973 2822 1006 2886 et
1028 2821 1084 2886 deo
1107 2838 1162 2885 uos
1186 2826 1403 2890 commendare

277 2926 415 2993 adsiduis
437 2924 580 3008 precibus
603 2941 662 2989 non
687 2923 826 2989 omittas.

819 3062 858 3127 K
1412 3082 1442 3123 ae

675 3180 786 3236 CELSO
807 3180 1000 3237 ENNODIVS.

319 3284 521 3351 Lenooinium
556 3285 614 3363 est,
651 3303 713 3351 non
746 3286 866 3370 gratiae
899 3288 1125 3353 sacramentum
1162 3286 1243 3369 quod
1275 3290 1402 3355 tanbum

276 3387 495 3471 praesentibus
518 3388 696 3455 exhibetur:
736 3389 894 3457 amicitiae
923 3390 1086 3457 sinceritas
1115 3394 1148 3455 et
1169 3390 1261 3473 longe
1283 3392 1404 3472 positos

326 3574 419 3631 VIIII.
454 3575 471 3628 2
498 3575 624 3629 camollae
649 3575 762 3644 ΗΠ,
793 3576 902 3631 camelle
928 3576 984 3631 BP
1094 3578 1114 3634 4
1140 3578 1281 3647 paruolum
1307 3577 1335 3632 Β

273 3661 290 3715 b
308 3662 448 3731 suscipiere
465 3662 501 3729 Β,
526 3662 657 3730 suscipere
675 3662 774 3717 M'Vo
877 3664 894 3717 6
911 3664 1099 3718 aecclesiastici
1117 3663 1144 3718 Β
1156 3665 1193 3732 (et
1204 3664 1244 3718 stc
1256 3664 1272 3718 l.
1286 3666 1332 3731 12)

273 3746 391 3801 seruitiis
409 3746 437 3801 Β
529 3746 658 3802 lrelaxit
677 3748 705 3802 Β
799 3748 816 3801 8
834 3752 975 3817 occupatus
993 3747 1047 3803 BL
1141 3750 1233 3805 emta
1250 3748 1333 3805 Sim

273 3832 450 3919 disciplininis
472 3833 497 3886 Τ
597 3833 630 3888 13
654 3833 771 3903 expolire
792 3834 820 3889 Β
924 3834 958 3889 14
980 3821 1054 3891 diaes
1077 3834 1105 3889 Β
1207 3837 1265 3904 ipse
1286 3836 1404 3890 assernit

273 3936 324 4002 Pb,
351 3936 464 4004 ipseruit
482 3936 572 4001 BLV,
601 3936 743 4007 imperauit
764 3938 790 3992 l*
886 3938 917 3992 15
935 3940 997 3993 istis
1013 3940 1078 4007 sort.
1178 3940 1210 3994 17
1227 3938 1326 4010 magis]
1345 3955 1403 3993 ιιιιι-

273 4021 354 4091 gistri
371 4021 398 4075 L
509 4022 543 4077 18
560 4021 722 4093 cogitatione
740 4023 787 4089 D,
814 4024 1005 4093 cogitationem
1024 4025 1052 4079 Β
1160 4024 1193 4080 19
1210 4024 1347 4079 uernolam
1365 4024 1403 4093 Β,

273 4106 595 4163 uenulamFobricodec
680 4107 715 4163 20
732 4111 808 4163 utut
826 4109 854 4163 Β
938 4108 1055 4164 iaborB
1141 4110 1235 4166 binos
1247 4110 1283 4178 Β,
1307 4114 1403 4165 nostro

273 4190 401 4247 LPTVb
502 4192 537 4247 24
552 4193 624 4248 adsis
642 4192 703 4249 duis
721 4194 749 4248 Β
852 4209 905 4249 uon
922 4196 958 4266 o.]
977 4196 1141 4267 nomiluatas
1159 4194 1187 4250 L

326 4276 359 4332 X.
393 4278 428 4333 28
446 4278 564 4333 amiticia
585 4278 610 4332 Τ
972 4282 976 4287 “
