2992 4967
438 357 672 431 Epistularum
690 356 781 411 liber
797 356 890 413 vnn.
1162 356 1230 425 235

98 568 162 617 non
196 547 356 632 relinquit.
394 548 468 631 quid
503 549 603 632 possit
637 565 711 614 nera
738 547 830 627 iides,
865 545 1030 629 intellegat
1059 546 1113 628 qui
1148 548 1226 611 tunc

97 651 285 734 adipiscitm
297 650 457 731 beneficia,
480 652 600 734 quando
620 649 734 716 desiuit
749 649 940 732 supplicare:
952 666 1009 732 ego
1023 647 1103 713 mihi
1118 646 1227 726 debeo,

98 754 182 837 quod
206 755 246 821 ad
270 754 436 821 stationem
465 772 590 837 precum
618 756 706 820 trans
729 752 870 835 Gargara
898 752 1018 835 positus
1039 749 1220 833 peruenist'e

97 862 134 923 tu
159 858 229 925 lnce
255 856 463 923 conscientiae
485 856 601 923 amicos
616 860 647 922 et
660 856 786 922 litteras
808 873 870 920 uno
892 858 958 920 ate
978 856 1119 937 tompore
1141 852 1224 918 diui·

72 960 185 1039 esisti,
207 963 330 1027 sectans
353 977 415 1027 non
437 958 539 1025 solum
561 958 732 1041 longinqua
745 960 798 1023 sed
814 956 932 1036 abdita,
954 957 1003 1021 ita
1016 957 1053 1020 ut
1068 973 1225 1038 nusquam

98 1066 132 1127 te
162 1063 284 1145 sagacis
312 1061 385 1127 boni
413 1062 590 1144 persecutor
619 1060 767 1126 inueniat.
813 1076 936 1141 semper
965 1061 997 1123 et
1024 1057 1077 1122 hic
1099 1056 1226 1139 quidem

99 1162 236 1231 latentia
263 1164 345 1231 inter
372 1165 491 1247 lepores
523 1163 641 1230 cubilis
672 1163 842 1247 diligebas,
878 1164 931 1227 sed
959 1176 1050 1243 saepe
1072 1159 1225 1225 latebram

97 1270 189 1333 tuam
212 1268 266 1349 qui
287 1284 391 1350 presso
413 1284 464 1333 oro
487 1266 622 1351 uestigia
643 1268 777 1331 rimatus
790 1267 840 1331 est
860 1264 991 1331 inuenit.
1014 1280 1099 1328 nnnc
1119 1260 1225 1327 altiori

99 1369 242 1447 consilio,
266 1369 368 1453 credo,
391 1370 428 1435 ut
450 1388 604 1436 maerores
628 1369 820 1448 accenderes,
850 1373 882 1433 te
903 1367 1065 1433 hominum
1087 1365 1225 1431 coetibus

58 1472 297 1541 resubmouisti.
342 1490 415 1557 ergo
443 1474 541 1539 solam
578 1472 744 1553 pueritiam
775 1470 912 1537 debuisti
939 1467 1225 1535 Mediolanensibus

97 1578 186 1645 ruier
220 1578 252 1642 ot
274 1576 377 1643 uirum
401 1582 433 1643 te
454 1578 559 1643 mucre
581 1576 753 1643 debuerant
781 1577 834 1659 qui
855 1592 986 1658 puerum
1008 1574 1224 1656 possederunt,

97 1683 131 1745 ct
155 1698 231 1762 quos
254 1678 433 1747 laetificasti
455 1682 492 1745 de
508 1680 700 1764 amplexibus
722 1678 859 1743 debuisti
874 1679 982 1743 iuuare
997 1674 1146 1742 consiliis.
1169 1676 1225 1740 sed

95 1782 171 1847 binc
193 1780 280 1847 alias.
309 1784 345 1847 tu
367 1782 426 1847 tibi
443 1781 657 1865 prouisionum
673 1782 801 1846 brorum
815 1783 870 1846 aut
892 1777 1009 1863 gaudia
1028 1777 1153 1844 debebis
1168 1780 1226 1842 aut

95 1883 254 1951 lacrimas.
298 1902 353 1968 ego
382 1884 512 1951 interim
539 1884 760 1951 salutationem
789 1882 949 1967 praefatus
977 1898 1097 1947 memor
1124 1880 1226 1946 debiti

59 1986 299 2056 redonationem
322 1987 360 2053 de
382 2006 475 2069 puero
497 1988 661 2065 destinam,
684 1987 742 2055 boc
761 1987 845 2070 apud
860 2004 910 2053 mc
932 1986 1092 2067 reputans,
1114 1984 1152 2047 nt
1168 2000 1226 2048 nec

95 2091 283 2173 inportunus
315 2091 347 2157 in
381 2094 518 2173 tempore
546 2090 738 2157 diffidentiae
768 2107 843 2155 suas
870 2088 1013 2154 uinceret
1041 2088 1074 2153 ct
1098 2102 1225 2151 cessam

96 2194 181 2261 inter
204 2193 426 2276 desperationis
447 2192 532 2259 mala
554 2194 712 2277 gauderet.

633 2377 689 2442 XI.

484 2510 621 2569 FAVSTO
642 2510 834 2569 masculus

59 2670 86 2710 ιο
141 2638 267 2721 Suscepi
301 2637 423 2702 litteras
456 2634 624 2718 multiplici
657 2634 841 2717 gaudiorum
875 2634 947 2699 dote
983 2634 1154 2716 locupletes
1193 2638 1225 2699 et

95 2742 233 2826 gratiam
266 2738 348 2805 circa
381 2756 436 2804 nos
470 2738 519 2803 dei
554 2754 647 2819 quam
676 2754 824 2801 noueram
846 2737 1038 2801 nuntiantes.
1082 2737 1225 2819 protinus

95 2844 234 2912 testibus
246 2842 361 2910 Christi
375 2842 474 2907 nostri
499 2860 570 2906 cum
593 2841 741 2920 lacrimis,
759 2858 834 2922 quas
858 2839 1045 2924 suggerebat
1067 2838 1223 2925 hilaritas,

95 2949 239 3015 indicata
262 2945 394 3030 patefeci
418 2948 449 3009 et
472 2946 552 3027 quod
575 2963 630 3028 per
653 2944 733 3028 ipsos
756 2945 948 3026 inpetratum
978 2942 1080 3009 fuerat
1102 2942 1223 3027 gratias

147 3186 317 3255 lrelinquid
335 3186 361 3240 L
457 3184 524 3239 lodis
543 3184 570 3239 Β
664 3184 804 3253 intelligat
821 3183 849 3238 Β
948 3183 1110 3238 2bsnsiltia
1127 3183 1154 3237 Β

94 3273 200 3329 desinet
226 3271 253 3325 Β
356 3269 446 3341 debeo]
474 3271 522 3325 deo
548 3270 576 3325 Β
679 3270 696 3325 3
722 3272 792 3337 man}
823 3270 850 3324 Β
952 3270 1100 3339 prouenisti
1127 3269 1156 3323 Β

92 3356 111 3412 4
137 3358 225 3411 lucem
251 3356 278 3410 Β
388 3356 403 3409 7
431 3356 530 3424 cupilis
556 3355 583 3410 Β
686 3354 820 3425 dilegibas
846 3355 874 3409 Β
988 3356 1005 3410 8
1032 3356 1146 3409 rimatus
1172 3358 1223 3428 est]

94 3444 207 3499 rimator
224 3442 266 3507 Β,
293 3444 408 3497 rimatur
425 3442 491 3507 sort.
596 3441 688 3496 alciori
711 3441 739 3495 Β
842 3439 859 3495 9
881 3455 1012 3495 maerores
1030 3440 1141 3509 scripsi,
1167 3456 1225 3495 ma·

92 3533 165 3583 tores
184 3528 225 3592 Β,
252 3528 365 3582 maiores
384 3526 481 3583 LTVb
578 3525 730 3582 accenderes
750 3525 785 3580 Τ·
803 3532 829 3581 et
849 3526 988 3591 Scbottus,
1016 3523 1168 3579 adcendffls
1188 3526 1224 3593 B,

93 3612 245 3670 accenderis
263 3612 381 3682 PT‘Vb,
409 3614 538 3669 assederis
556 3612 583 3667 L
680 3610 817 3666 cucatibus
836 3613 862 3680 (e
878 3613 986 3679 iares.)
1005 3611 1032 3665 Β
1131 3610 1165 3663 10
1182 3610 1224 3664 di·

93 3706 185 3789 bnisti
204 3735 232 3790 Β
337 3706 545 3791 mediolsffsibus
569 3734 608 3799 L,
639 3730 878 3787 mediolaninsibus
901 3731 939 3785 B¹
1043 3731 1074 3783 11
1101 3733 1129 3783 tc
1147 3746 1182 3784 cer
1200 3732 1224 3785 ti

91 3820 119 3873 L
214 3820 323 3907 tenebre
340 3821 366 3875 L
461 3819 632 3889 possiderunt
649 3818 675 3872 Β
792 3817 825 3870 12
842 3815 997 3885 auplexibus
1015 3816 1042 3871 Β
1130 3815 1224 3873 iubare

92 3924 119 3979 Β
226 3924 259 3979 14
275 3925 450 3995 prasiaustns
469 3922 496 3977 B
584 3938 686 3979 memor
704 3920 729 3975 d.
749 3918 918 3974 donationem
936 3935 986 3973 ora.
1005 3919 1032 3975 Β
1048 3921 1081 3975 in
1092 3936 1145 3990 sap.
1158 3920 1224 3975 odd.

91 4026 125 4065 m.
145 4014 204 4065 aad.
293 4010 326 4063 lb
343 4009 409 4063 haec
427 4008 465 4064 ΒΙ
552 4010 677 4077 rspotans
696 4007 723 4062 Β
812 4005 843 4059 li
861 4003 1052 4074 disperationis
1069 4005 1159 4060 BLV

144 4112 192 4167 XI.
228 4111 263 4167 ΞΟ
286 4111 385 4181 suscipi
408 4111 435 4165 Β
538 4111 683 4180 locupletes
707 4108 769 4174 Pb,
796 4107 936 4175 locupletis
961 4108 1003 4172 Β,
1029 4108 1178 4177 locupletas
1197 4108 1224 4163 L

92 4196 146 4252 TV
248 4196 280 4253 21
310 4198 428 4267 graciam
455 4196 483 4250 Β
585 4196 744 4254 nunciantes
766 4195 794 4249 Β
897 4192 932 4247 22
959 4193 1102 4263 sugersbat
1127 4193 1154 4247 Β

91 4284 126 4339 23
144 4284 304 4353 imperatum
327 4282 352 4337 T
