2992 4967
284 316 349 383 238
644 314 759 385 Magni
777 316 902 371 Felicis
920 315 1051 371 Lnnodi

287 507 324 572 ut
347 507 451 572 credas
475 524 525 570 me
547 504 753 571 inmemorem
774 506 823 571 tui
844 523 920 590 esse,
943 507 1019 572 dmu
1039 504 1275 590 inpedientibus
1296 506 1413 573 morbis

287 608 442 690 frequenti
465 611 497 672 te
519 606 688 689 scriptione
718 625 780 673 uon
801 625 946 675 ueneror:
967 606 1060 674 debes
1082 626 1172 676 nosse
1192 610 1326 695 dignum
1348 628 1413 675 esso

285 710 380 776 uenia
396 709 543 793 quIcquid
556 710 738 777 necessitate
754 709 954 792 delinquitur.
978 710 1102 776 domiue
1123 711 1413 790 ministrationem

286 812 504 895 plenissimam
525 812 629 879 dicens
658 810 839 879 beneditcio
868 830 918 877 me
946 812 1041 878 deum
1061 813 1096 878 in
1117 814 1262 897 oporibus
1283 814 1412 881 eiusde

285 915 393 983 domni
416 915 530 983 Anioni
553 916 770 983 coniunctione
799 915 937 999 significo
960 918 1051 1006 etde
1073 916 1201 999 thuod
1223 918 1289 983 eius
1313 915 1441 1002 plotass

285 1019 451 1103 pollicetur
473 1022 609 1103 expecto.

806 1254 893 1322 XIII.

634 1410 844 1467 Pansnomo
866 1410 1059 1467 ENNODIVS.

326 1552 525 1634 Peregrinari
552 1570 601 1618 me
631 1552 663 1617 in
693 1555 758 1617 solo
786 1554 887 1635 patrio
921 1552 1010 1618 uobis
1046 1551 1228 1618 absentibus
1260 1554 1409 1628 crederes,

282 1656 408 1721 etiamsi
430 1655 578 1721 umorem.
603 1656 637 1720 at
652 1672 722 1720 cum
742 1656 905 1738 aegritudo
920 1654 999 1719 mibi
1015 1658 1047 1721 et
1069 1657 1263 1737 quomndam
1284 1656 1441 1721 insistatur

283 1758 468 1834 infirmitas,
497 1759 580 1821 iuter
609 1758 758 1839 utrasque
787 1757 862 1839 quid
885 1757 1020 1823 ladam
1041 1758 1111 1840 quis
1134 1776 1194 1823 uuo
1215 1760 1359 1840 tempore
1381 1759 1411 1821 et

284 1861 407 1926 morbos
424 1860 504 1926 forat
526 1863 557 1924 et
578 1858 732 1942 perfidos?
755 1862 834 1925 scias
850 1859 938 1926 uulla
952 1859 1104 1941 cautione,
1129 1860 1218 1925 nulla
1232 1859 1411 1926 innocentia

283 1965 316 2029 in
344 1964 474 2029 ciuitate
503 1965 610 2027 nostra
638 1979 716 2044 quac
746 1965 802 2028 deo
830 1962 933 2029 medio
961 1963 1115 2045 promissa
1143 1967 1217 2029 sont
1244 1961 1409 2028 custodiri:

282 2068 385 2132 totum
420 2063 569 2130 felicitati
606 2064 762 2145 tribuitur,
791 2064 837 2129 nil
859 2066 973 2130 amori:
1006 2066 1088 2133 circa
1111 2065 1245 2132 humiles
1267 2084 1340 2131 raro
1362 2064 1408 2129 di·

282 2169 404 2251 gratio:
428 2169 566 2251 optimus
589 2167 642 2233 illo
666 2170 717 2250 qui
740 2168 861 2234 celsior.
884 2168 939 2234 sed
954 2169 1029 2234 haec
1051 2187 1108 2253 ego
1123 2186 1184 2235 nou
1198 2184 1254 2251 pro
1268 2168 1344 2252 mei,
1359 2167 1439 2232 cuiu

283 2271 361 2337 nihil
383 2273 524 2354 superest
547 2272 627 2356 quod
649 2290 781 2355 sperem,
798 2271 1040 2339 consideratione
1062 2272 1198 2356 suspiro:
1221 2272 1309 2338 dolet
1331 2270 1408 2336 mibi

282 2376 353 2441 illos
374 2375 475 2457 perite
506 2392 581 2459 quos
605 2374 709 2458 diligo.
754 2376 877 2457 plonius
906 2375 994 2441 uobis
1022 2394 1088 2441 rem
1111 2393 1236 2441 omnem
1257 2378 1291 2439 et
1315 2392 1408 2459 quom

281 2479 406 2561 propter
428 2479 568 2543 studium
597 2480 737 2544 uestrum
765 2478 919 2545 inuidiam
948 2477 1154 2545 contraxerim
1183 2478 1273 2545 homo
1303 2482 1407 2543 uester

281 2581 464 2647 insinuabit.
488 2598 545 2665 ego
561 2581 708 2647 honorem
723 2582 923 2647 salutationis
938 2583 1111 2664 inpertiam
1125 2598 1209 2665 rogo,
1233 2584 1270 2645 ut
1287 2582 1407 2664 scripta

281 2702 350 2751 mea
372 2687 404 2749 et
428 2686 541 2751 domno
563 2685 685 2751 Auieuo
708 2690 739 2753 et
762 2688 873 2751 domno
896 2685 1018 2752 Liberio
1039 2684 1181 2768 pmtinus
1203 2685 1437 2762 contradatis,o

280 2792 312 2853 et
334 2789 528 2873 peripsum,
557 2791 610 2873 qui
639 2789 729 2855 uobis
752 2790 954 2856 Panfrouism
983 2792 1121 2856 nostram
1143 2804 1252 2855 sanam
1274 2790 1405 2867 tribuat,

277 2892 413 2966 corioro,
439 2897 474 2956 ut
497 2910 568 2955 mor
590 2910 640 2956 mo
663 2892 738 2974 quid
758 2893 896 2974 responsi
918 2892 1061 2957 dederint
1082 2890 1267 2957 lustrantis:
1290 2892 1365 2977 quia
1379 2890 1405 2956 si

279 2993 383 3075 regius
413 2996 615 3077 occupatione
646 2994 750 3077 eliqua
779 2998 910 3079 negatur
937 2996 1100 3070 aduentus,
1130 3012 1185 3078 ogo
1209 2995 1247 3062 ed
1270 3012 1327 3059 nos
1350 2994 1404 3059 deo

280 3112 347 3159 meo
371 3095 563 3179 suffragante
593 3096 652 3161 sub
682 3098 792 3179 quanin
820 3098 1030 3164 membrorum
1060 3114 1199 3163 meorum
1228 3096 1403 3181 fragilitate

279 3197 385 3263 uenire
408 3198 531 3265 festino.
1413 3220 1435 3261 rr

330 3474 424 3527 losse
447 3470 488 3527 tui
512 3472 559 3527 Pb
661 3472 779 3527 ‘Idebis
804 3472 832 3525 Β
934 3472 1020 3542 nosse]
1043 3487 1094 3526 uos
1119 3473 1145 3526 Β
1252 3458 1402 3543 {etaim

274 3606 310 3647 cc
332 3594 346 3646 t
371 3596 452 3661 corr.)
476 3592 517 3660 L,
548 3609 598 3649 om.
626 3593 653 3647 Β
767 3595 784 3649 3
810 3560 837 3649 m
868 3593 898 3661 T,
927 3592 994 3648 mihi
1020 3592 1108 3648 BLV
1214 3594 1402 3651 salutationem

277 3679 461 3748 (emtores.)
489 3678 516 3732 Β
619 3678 636 3732 4
661 3678 901 3750 med.]medi11m
926 3680 955 3735 Β
1057 3680 1089 3734 de
1112 3696 1162 3735 om.
1193 3680 1218 3733 Τ
1316 3682 1334 3737 6
1360 3697 1401 3735 er·

273 3768 364 3833 specto
382 3765 409 3820 L

327 3867 405 3923 XIII.
440 3870 457 3923 9
481 3867 593 3924 crederis
614 3868 642 3923 Β
748 3871 781 3925 10
798 3870 832 3925 ad
850 3869 877 3923 B
982 3870 1012 3925 ll
1032 3874 1159 3939 utrasque
1176 3870 1215 3936 B,
1244 3870 1400 3941 ntraquoL

275 3951 375 4007 PTVb
479 3956 512 4011 15
534 3955 618 4024 optIn'
638 3956 664 4010 L
769 3956 801 4009 17
821 3954 1090 4024 plenius-studium
1109 3971 1160 4017 orn.
1179 3956 1206 4010 B
1310 3958 1341 4013 19
1359 3958 1400 4011 iu·

275 4038 413 4093 sinustB
516 4058 578 4111 orgo
599 4042 627 4096 B
729 4042 763 4097 21
788 4041 968 4097 Pamfroniam
987 4041 1070 4097 Siros.
1174 4043 1328 4099 contribuat
1347 4041 1404 4098 PV

273 4159 583 4227 (mnenp.Vm.1)b,
611 4159 803 4216 miribuaIL
898 4160 933 4217 22
947 4132 1016 4218 ³iuro
1035 4163 1065 4231 V,
1089 4169 1122 4220 cd
1133 4165 1190 4221 iuro
1212 4166 1238 4220 Τ
1329 4164 1397 4233 morl

274 4257 322 4298 uos
340 4244 424 4304 Sicco.
527 4248 673 4303 instructos
692 4250 718 4303 Β
