2992 4967
282 335 348 401 δα)
642 331 755 402 Magni
772 330 899 386 Falinis
917 329 1051 386 h'nnodi

282 524 337 590 sed
366 523 440 607 quid
470 540 601 609 agamus
628 523 709 589 iuter
733 521 826 588 anxie
847 521 881 587 et
901 523 1020 588 ineerta
1042 520 1247 607 deprehensi?
1281 523 1420 606 resipiat

281 642 338 694 nos
359 644 415 709 pre
437 626 582 692 mmediis
605 640 695 691 exosa
707 623 876 708 ⁴nauigatio
891 625 1076 692 etlassatae
1097 625 1282 692 rudentibus
1300 644 1417 692 manns

282 730 413 813 stuppea
434 746 543 794 rursus
563 727 671 794 niuola
699 727 907 794 meditentur:
936 727 1064 794 haereat
1091 726 1191 795 alanis
1212 729 1355 806 dextere,
1379 730 1419 794 ut

281 833 421 899 frenatae
448 830 564 916 puppis
591 849 647 916 per
675 828 921 914 gnheruaenlum
946 830 1017 896 iuro
1037 829 1232 897 mederetur:
1266 831 1419 914 depictus

282 934 436 1001 sideribus
459 936 525 1000 axis
548 931 881 1016 reddaturaspeetni:
912 931 1123 1015 dispositionis
1146 936 1272 1000 nestrae
1295 933 1452 1000 itinerar

280 1037 421 1104 neotium
449 1037 626 1122 dirigantur
653 1035 790 1102 indietis.
825 1036 868 1101 sit
896 1036 1047 1104 solarium
1072 1036 1245 1104 inminibus
1267 1037 1365 1113 meis,
1390 1038 1418 1102 si

280 1141 437 1224 prodeunti
458 1143 521 1207 uon
542 1140 688 1208 uideatur
717 1141 809 1206 terro
830 1139 981 1224 ooniugiir
1013 1139 1170 1224 trgiumm
1199 1137 1353 1222 patriam,
1385 1141 1419 1205 in

280 1259 341 1327 qua
362 1243 426 1310 tale
447 1244 594 1310 effoetum
614 1247 663 1310 est
683 1242 922 1310 matrimonium
944 1245 1095 1320 nothum,
1119 1243 1199 1324 qued
1218 1243 1252 1306 et
1266 1241 1419 1310 amisisse

279 1347 398 1430 pudeat
416 1365 475 1414 nee
495 1349 611 1414 aueaut
632 1347 707 1412 uota
727 1347 873 1429 rsoipere.

792 1621 890 1688 XXV.
1426 1646 1449 1686 ss
1487 1569 1488 1574 η

290 1812 443 1898 promo.
478 1827 621 1894 vuum
634 1796 840 1895 'susurrus
863 1823 953 1894 svm
976 1823 1189 1892 summum
1212 1825 1405 1892 vrnuuur

711 1945 975 2015 mnrncnvu.

319 2119 498 2206 Interoepta
512 2119 559 2186 est
573 2119 624 2204 pie
640 2118 782 2202 quaesita
797 2117 882 2184 fraus
898 2121 1040 2184 materna
1054 2117 1192 2186 oonsilio.
1216 2119 1413 2185 inuenerunt
1487 2117 1488 2194 ᾗ

277 2223 434 2290 Achillem
456 2225 598 2289 uestrum
621 2221 686 2288 fata
707 2225 739 2288 et
762 2221 801 2288 ab
816 2221 880 2287 alia
902 2223 1017 2288 natura
1038 2223 1231 2304 subreptum,
1255 2239 1316 2287 neo
1335 2240 1413 2306 pro·

276 2325 338 2391 fuit
360 2327 440 2410 quod
462 2344 586 2410 sexum,
609 2344 701 2410 quem
724 2326 754 2391 ei
776 2325 863 2409 origo
885 2326 1027 2405 dederat,
1052 2323 1169 2391 astutia
1191 2325 1445 2391 eonmutanitzrs

277 2427 427 2502 feminam
449 2427 657 2495 diuturnitate
677 2446 739 2495 non
762 2427 872 2495 didieit
894 2429 927 2495 et
941 2429 1003 2496 uiri
1026 2427 1116 2497 fortis
1139 2427 1278 2494 animum
1302 2427 1410 2494 mellis
1487 2449 1488 2468 ἢ

276 2531 467 2598 eonsuetndo
484 2532 633 2598 seruauit.
660 2531 729 2615 quis
744 2531 852 2598 eredat
866 2531 1057 2599 inelfioaeem
1073 2530 1168 2598 fuisse
1184 2531 1408 2616 prouisienem,

276 2653 370 2719 quam
384 2636 417 2700 et
431 2633 489 2701 dea
503 2636 535 2700 et
550 2636 649 2700 mater
670 2633 817 2701 inuenit?
838 2639 964 2702 nonest
986 2635 1159 2720 praemium
1181 2633 1407 2708 inmortalitas,
1487 2627 1488 2696 l

275 2754 369 2822 quam
391 2756 447 2804 nee
469 2738 612 2822 genetrix
634 2739 826 2805 transmittit
849 2739 888 2805 ad
911 2739 1051 2806 subolem
1074 2758 1131 2806 nee
1151 2757 1205 2824 per
1228 2752 1297 2803 sam
1320 2739 1407 2820 quod

273 2837 375 2906 lilium
404 2840 526 2907 ossibus
557 2837 678 2906 furetur
707 2841 851 2908 oeeurrit.
886 2844 921 2908 ut
949 2860 1120 2925 numquam
1147 2841 1305 2908 doloribus
1327 2841 1443 2910 sub-se
1487 2887 1488 2920 ,

274 2939 443 3028 dnoamur,
471 2942 601 3009 numina
621 2949 754 3010 sumus?
785 2963 863 3029 quae
886 2948 934 3011 est
956 2946 1018 3012 ista
1039 2945 1195 3024 sorditie,
1219 2947 1341 3028 quaudo
1366 2947 1406 3010 de
1487 2923 1488 2960 ¹

275 3044 487 3129 penetralibus
509 3047 666 3114 uiseerum
689 3052 866 3114 nostrorum
884 3051 965 3132 qued
979 3049 1043 3114 lete
1059 3047 1175 3114 seruiat
1197 3047 1407 3114 exhibemus?
1487 3027 1488 3096 i

324 3267 449 3323 setoso
462 3267 545 3323 Sim.
640 3285 735 3324 manns
746 3267 906 3323 rudentibus
919 3265 1027 3324 ΒΡῖΙἿ7
1122 3269 1250 3338 3stupea
1268 3267 1333 3323 ΡΤι

271 3353 380 3408 meula
397 3353 424 3409 Τ
514 3355 607 3410 hereat
623 3355 651 3410 Β
745 3355 836 3410 dexter
853 3357 902 3410 aut
919 3355 1030 3411 LPPV
1123 3355 1276 3410 tironatu-
1293 3357 1332 3412 Β1
1353 3427 1370 3455 ΙΙ

270 3455 350 3526 pupis
367 3455 394 3511 Τ
476 3459 655 3529 per(roerr.)
672 3457 709 3523 Β,
733 3473 781 3527 per
801 3456 858 3513 Va.
871 3457 889 3514 l.
981 3457 1118 3513 bitenera
1134 3458 1163 3514 Β
1248 3460 1404 3514 lladmisae

271 3542 523 3612 (aie.l.ea.2)1',
552 3534 688 3600 amississe
709 3542 736 3601 V
828 3543 1042 3600 tneohabeant
1058 3543 1095 3612 B,
1121 3545 1332 3602 usoaudeantb

270 3630 396 3701 recipere]
413 3630 477 3686 linit
494 3630 559 3688 add
575 3631 604 3687 Β

322 3731 406 3788 XXV.
435 3735 466 3788 11
485 3733 576 3790 Dietio
594 3750 645 3792 ooo.
664 3733 750 3789 ΒΝ
837 3733 932 3789 tetidis
949 3733 1013 3802 BT,
1038 3735 1152 3790 tethidis
1170 3737 1199 3792 L
1292 3737 1400 3794 aeinem

269 3817 304 3874 Β
395 3820 606 3891 mortinetum]
624 3818 722 3875 Ethios
739 3817 856 3876 secunda
871 3819 956 3876 iosos.
975 3819 1040 3876 add.
1058 3819 1138 3877 ssim.
1242 3821 1275 3877 14
1291 3823 1399 3880 seillam

269 3904 298 3959 Β
402 3905 475 3960 laeta
496 3904 524 3959 Β
626 3905 661 3961 16
683 3905 888 3964 diuturnitatem
907 3905 935 3962 Β
1038 3907 1070 3962 17
1088 3906 1282 3968 intlledfloeoam
1302 3908 1331 3963 Β

269 3989 456 4059 prouislondllt
468 3990 497 4045 Β
584 3991 617 4046 18
634 3991 788 4048 desset
875 3996 904 4050 et
920 4009 972 4050 oea.
991 3991 1017 4048 T
1099 3993 1270 4062 preliuminm
1288 3994 1329 4049 Βι

271 4075 304 4130 19
328 4074 450 4130 sobolem
472 4076 523 4143 B,
543 4077 661 4133 sobolem
687 4078 769 4135 ΒΝ
868 4079 904 4134 ho
929 4081 1050 4136 oooarret
1073 4079 1102 4135 Β
1204 4078 1400 4138 sabdnotnmnr

271 4160 298 4216 Τ
387 4161 421 4216 al
439 4162 607 4220 iatanal.
692 4164 810 4220 mnditio
828 4163 886 4220 LV
978 4165 1189 4236 asportatione
1207 4169 1244 4234 (tr
1263 4183 1297 4223 m
1314 4175 1398 4238 serr.)

267 4246 296 4304 Β
398 4247 470 4304 laeto
486 4248 529 4314 Β,
558 4248 629 4304 losto
645 4249 704 4306 LV
803 4251 954 4308 exhibimns
971 4253 1000 4308 Β
