2992 4967
451 290 688 362 Epistularum
705 291 794 348 liber
811 293 865 349 111.
1183 296 1223 362 77

94 497 265 561 perquem
294 477 374 545 nihil
402 479 489 545 aliud
520 495 615 563 quam
638 481 721 562 quod
748 499 825 566 opus
852 482 936 548 esset
956 485 1088 552 ostendi
1127 485 1223 552 libero

94 581 222 664 pectore
250 581 358 666 lingna
390 582 482 648 uacat
514 580 641 650 officiis:
673 601 762 650 mens
788 583 915 651 contusa
936 584 1071 667 gratim
1103 587 1224 652 saluta-

93 683 191 749 tionis
213 683 348 751 abiurat.
370 701 439 750 ecoe
462 685 517 750 deo
539 683 573 749 in
594 687 725 769 utroque
747 687 873 771 gratias
897 687 972 771 quia
992 706 1051 755 noo
1072 707 1130 776 ego
1151 709 1223 756 reus

93 803 167 850 snm
190 787 223 851 ei
244 805 299 853 uos
322 805 372 852 me
393 805 482 852 reum
511 805 578 855 esse
600 788 786 856 credidistis.
823 791 1006 857 beneficium
1028 791 1107 857 mibi
1136 809 1223 857 oom-

60 915 72 954 s
94 889 194 954 motio
215 893 322 958 uestra
344 889 487 976 contulit,
511 891 594 974 quod
617 892 669 958 uir
685 891 824 958 dodisset
844 892 978 960 mentio.
1001 911 1058 977 ego
1072 894 1147 978 qnid
1163 893 1223 960 tibi

95 991 230 1058 debeam
260 991 414 1076 explicare
435 1011 497 1059 non
519 1010 661 1076 possum:
694 1013 812 1078 pauper
845 999 893 1061 est
915 994 1046 1075 caritas,
1077 995 1111 1061 in
1134 999 1222 1063 ouius

94 1096 276 1163 narratione
306 1115 406 1163 sermo
433 1115 495 1162 non
518 1096 633 1165 delicit.
666 1097 791 1164 domine
819 1099 883 1177 mi,
915 1099 1051 1165 salutem
1083 1097 1223 1165 debitam

94 1197 202 1264 dicens
218 1198 311 1264 deum
332 1216 417 1284 rogo,
438 1201 476 1266 ut
496 1199 656 1282 quodlibet
678 1199 782 1266 animo
805 1201 938 1286 gesseris
952 1218 1073 1286 semper
1093 1200 1220 1268 scribas

609 1403 717 1470 VIIII.

61 1558 85 1598 uo
427 1539 610 1596 ENNODIVS
628 1539 894 1597 nasccntium.

138 1659 208 1728 Scio
231 1661 480 1747 magnitudinem
503 1665 590 1727 tuam
613 1663 782 1747 grandibus
806 1661 856 1727 dsi
885 1661 1039 1728 boneficiis
1066 1661 1222 1728 abundare

94 1769 128 1831 et
151 1765 337 1848 promissam
352 1765 435 1830 circa
456 1765 571 1830 amicos
594 1782 716 1830 seruare
732 1762 950 1829 constantiam.
974 1763 1075 1829 nescit
1098 1764 1220 1829 animur

94 1869 202 1933 uester
224 1868 341 1932 incerta
362 1866 501 1950 polliceri
523 1884 662 1933 amorem
684 1868 751 1930 sine
774 1865 878 1950 aliqua
892 1865 1100 1932 inminutione
1116 1868 1220 1932 custe-

96 1971 202 2050 dienr,
230 1975 262 2035 et
283 1971 350 2036 idco
373 1988 517 2036 securum
539 1989 589 2034 me
619 1969 689 2054 post
712 1971 805 2035 doum
828 1969 942 2035 uestis
971 1973 1058 2036 trado
1082 1970 1114 2034 et
1136 1986 1220 2034 oom-

60 2097 86 2136 15
95 2073 208 2139 mondo
230 2073 373 2138 manibus
396 2075 426 2137 st
449 2073 499 2138 dei
520 2070 670 2138 beneficia
692 2073 724 2136 in
745 2071 992 2156 quibuscumque
1015 2073 1147 2156 nogotiis
1166 2091 1221 2155 per

94 2195 151 2241 nos
173 2175 254 2240 mibi
276 2179 399 2242 euenire
422 2195 483 2243 non
505 2173 640 2258 ambigo.
679 2173 820 2250 domine,
843 2175 880 2240 ut
908 2192 1001 2257 snpra
1022 2173 1218 2240 salutationis

94 2276 362 2344 honorificentiam
391 2279 520 2345 ‘soluens
554 2295 645 2362 rogo,
680 2279 715 2341 ut
744 2276 901 2359 frequenti
936 2295 986 2342 me
1017 2275 1222 2360 epistularum

96 2385 273 2448 uestrarum
290 2380 434 2447 releuetis
456 2379 601 2463 alloquio,
625 2379 700 2462 quia
722 2397 883 2445 summum
898 2379 976 2445 mihi
998 2378 1086 2445 adeo
1109 2397 1221 2443 munus

96 2482 285 2562 conceditur,
309 2483 336 2548 si
359 2483 396 2549 de
418 2483 525 2548 ucstm
548 2499 686 2547 meruero
710 2482 860 2564 sospitate
882 2483 1025 2566 gaudere,
1048 2500 1123 2566 quos
1146 2479 1222 2547 fides

62 2589 129 2652 met
150 2585 314 2670 integritas
338 2584 491 2668 omnibns,
515 2583 569 2667 qui
592 2584 686 2648 deum
709 2582 833 2668 timent,
857 2583 935 2649 lacit
956 2588 1109 2667 acceptos.

640 2771 678 2836 X.

460 2903 645 2961 ENNODIVS
666 2903 860 2962 LVMINOSO.

139 3032 250 3100 Posset
263 3031 470 3097 amicitiarum
485 3031 593 3114 religio
617 3033 648 3094 et
672 3027 799 3095 adultae
814 3029 896 3094 inter
910 3045 966 3093 uos
980 3026 1088 3109 planta
1101 3025 1223 3110 gratias

98 3137 188 3203 nulla
209 3134 411 3200 discretarum
442 3131 558 3198 sentire
587 3132 701 3197 damna
722 3131 902 3214 regionum,
937 3127 1067 3211 siquod
1091 3132 1224 3209 negatur

65 3238 236 3323 suspectui
257 3242 438 3319 pensaretur
465 3234 609 3319 alloquiis
639 3237 671 3300 et
692 3233 782 3318 pigro
810 3251 972 3316 corporum
1006 3248 1096 3296 onero
1131 3229 1223 3296 <liubi

148 3491 376 3547 'lucrationeT
476 3489 513 3544 mi
538 3489 623 3556 Pro,
650 3489 718 3544 mihi
741 3487 829 3544 BLV
931 3489 1089 3556 Sgeaserea
1115 3485 1155 3538 B¹

96 3579 207 3649 scribas]
227 3576 287 3632 linit
305 3577 369 3634 acc.
388 3576 500 3632 LPTV

147 3682 243 3738 VIIII.
281 3682 314 3734 10
340 3680 468 3734 ennodius
495 3697 545 3737 ocu.
574 3679 599 3734 Τ
699 3677 854 3732 marcellino
883 3677 908 3730 Y
1010 3676 1040 3727 ll
1067 3671 1223 3726 habundare

96 3769 149 3824 ΡΤ
253 3767 285 3821 13
302 3766 427 3836 pollicere
444 3767 482 3820 L¹
569 3765 675 3834 aliquae
693 3763 720 3818 Β
808 3758 1031 3817 immutationob
1126 3758 1159 3812 16
1177 3757 1223 3812 do-

96 3853 225 3910 minemi
244 3853 271 3908 P
372 3868 450 3922 aapra
467 3853 506 3906 Β1
619 3852 651 3905 17
676 3855 707 3904 ut
729 3851 791 3908 To.
809 3852 826 3905 l.
844 3851 916 3905 Μ
1017 3844 1150 3914 irmuenti
1168 3845 1221 3912 mc]

97 3939 314 4010 frequentissime
330 3939 358 3992 B
446 3940 478 3994 18
495 3937 756 4006 mibisummnmd'
841 3936 873 3989 19
892 3933 971 4003 quos]
988 3931 1052 4000 quia
1071 3929 1153 3985 θένω.

99 4025 205 4082 ddisB

149 4129 182 4185 X.
218 4128 252 4183 22
270 4127 398 4182 onuodina
416 4126 511 4190 om.T
610 4125 820 4195 capessunt,
847 4122 933 4193 poscit
950 4122 1019 4176 coai.
1038 4119 1163 4175 &moa

100 4215 132 4270 25
150 4230 257 4284 corporo
279 4214 311 4268 T¹
414 4211 556 4267 honeret*
