2992 4967
471 340 708 409 Epistularum
727 338 817 396 libas·
832 340 897 397 vn.
1182 345 1241 409 191

123 549 216 614 pare
239 530 397 615 gaudet.
430 529 511 596 dona
534 530 639 596 nost-ra
659 528 818 597 institutio
846 532 914 596 est:
939 548 1044 615 sume,
1071 530 1100 596 si
1127 530 1242 615 diligis,

123 650 181 717 pro
204 633 350 718 dogmate
377 634 458 715 qnod
487 632 632 699 iocamur.
670 632 720 699 lac
747 650 851 699 meam
877 633 1062 717 frumistam
1089 652 1156 699 esso
1177 634 1242 700 lae·

121 735 238 801 titium.
261 736 290 801 si
310 734 372 801 tibi
393 737 559 819 perpetuae
581 735 776 821 diligentium
799 735 955 801 maiitatis
975 735 1129 820 induerit,
1153 736 1241 803 labo·

120 837 208 902 rabit
228 838 263 903 in
284 836 431 903 laudibus
452 836 516 903 tuis
539 836 658 922 liugos,
680 854 761 919 quae
778 838 869 903 modo
885 839 1043 904 manetur
1055 838 1089 903 in
1105 839 1242 905 monitis.

100 942 214 1021 susle,
248 940 386 1021 domine,
417 944 449 1006 et
471 943 592 1007 amanti
613 942 650 1006 ut
679 940 804 1017 doctus,
832 940 1018 1018 sinerem,
1046 942 1243 1025 sequestrata

124 1044 373 1111 dissimulatione
394 1045 554 1127 responde.

620 1231 739 1297 XXIII.

503 1364 685 1422 encomio
704 1364 858 1423 mmo

164 1488 314 1555 Producit
339 1490 523 1574 magnitudo
546 1491 603 1555 tna
625 1490 807 1572 nuptiarum
829 1488 908 1555 festa
933 1490 1140 1572 temporibus:
1168 1492 1243 1557 dnm

85 1608 197 1670 sorem,
221 1595 259 1658 ad
283 1609 375 1674 quam
398 1594 523 1659 coactus
541 1610 585 1672 os,
608 1592 667 1657 sub
689 1592 895 1658 diutumiuts
910 1592 1115 1676 prosequeris,
1138 1592 1241 1658 subito

122 1694 292 1759 neooesitus
314 1698 368 1760 tua
390 1695 475 1761 iacta
497 1696 543 1760 est
564 1695 759 1761 desiderium.
781 1694 896 1778 adquis
918 1696 1042 1779 negotio
1063 1694 1112 1760 illi
1134 1713 1241 1779 peren·

119 1796 202 1861 niter
227 1797 403 1877 incumbat,
431 1796 471 1863 ad
501 1798 581 1880 quod
610 1797 772 1863 descendit
801 1797 943 1864 inuitus?
979 1797 1026 1863 sio
1047 1798 1241 1865 recassistis

121 1898 296 1965 custoditae
323 1898 526 1967 beatitudinis
555 1900 734 1985 diligentie,
770 1902 857 1984 qussi
891 1900 1018 1983 prolixis
1045 1901 1240 1984 temporibus

120 2000 290 2079 didicIeses,
313 2002 446 2086 qualiter
468 2004 684 2070 institueretur
706 2005 841 2069 uxorius.
868 2002 1000 2087 triginta
1014 2002 1148 2069 feliciter
1170 2004 1237 2070 dies

85 2134 111 2176 ιι
120 2104 273 2184 abierunt,
289 2109 320 2171 et
335 2109 368 2171 to
382 2106 503 2172 oiuimi
515 2106 618 2172 adhuc
627 2104 693 2193 (et)
704 2107 783 2172 meis
798 2106 894 2172 oculis
909 2106 1002 2191 longa
1016 2123 1067 2172 me
1082 2123 1240 2173 macerans

120 2208 334 2289 expectutione
348 2208 503 2274 subducis.
525 2227 600 2275 uere
614 2208 760 2291 quicquid
774 2209 825 2273 uis
839 2206 951 2274 iscius:
974 2210 1002 2273 si
1023 2208 1138 2288 uixero,
1161 2228 1240 2293 quae

118 2308 179 2373 tibi
208 2308 338 2376 dicenda
366 2312 471 2390 terni,
504 2328 566 2376 non
599 2312 715 2379 tscebo.
755 2316 860 2377 tannen
893 2312 1007 2378 honore
1040 2311 1239 2379 salutationis

119 2415 246 2495 accepto
269 2418 396 2497 gustum
417 2416 454 2481 de
476 2413 619 2497 guttulis,
641 2414 830 2479 sinuosus
852 2413 941 2480 decet
955 2412 1096 2494 circite,
1119 2414 1240 2480 directa

119 2516 277 2598 suscipite.
300 2518 446 2582 erubesce
466 2517 512 2595 tn,
535 2515 609 2599 quia
632 2534 688 2581 noc
710 2534 839 2600 aegrum
856 2516 989 2600 requiris
1005 2534 1064 2583 nec
1077 2518 1116 2583 de
1132 2517 1240 2601 nupti·

82 2617 223 2687 malibus
246 2618 364 2685 deliciis
386 2635 464 2703 quse
484 2622 611 2703 possent
632 2618 795 2684 fastidium
821 2619 961 2685 relocare
981 2618 1180 2685 transmittis.

517 2792 518 2795 ¹
611 2804 747 2871 XXIIII.

480 2940 663 2997 nnnonnvs
682 2940 878 2997 snnrnsno.

127 3033 135 3055 ’
166 3062 314 3147 Eripite
336 3081 386 3129 me
408 3063 466 3131 filii
488 3065 659 3131 communis
681 3062 825 3130 Marcelli
846 3064 1038 3150 adhortatio,
1070 3082 1162 3147 quern
1184 3082 1240 3130 na·

20 3190 27 3213 ·
120 3166 191 3232 tura
206 3166 304 3245 uobis,
320 3166 399 3232 mihi
413 3166 498 3232 dedIt
519 3166 658 3245 affectus,
674 3173 711 3232 nt
725 3170 764 3234 ad
782 3168 957 3252 scriptionis
974 3170 1081 3234 munia
1094 3169 1239 3253 praeuius

84 3268 309 3352 sadspirarem
338 3273 370 3339 st
391 3269 539 3337 solaqum
566 3270 755 3350 litterarum,
788 3290 842 3355 per
865 3272 945 3356 quod
967 3273 1109 3337 uetustas
1138 3270 1240 3337 uoluit

119 3371 278 3439 absentiae
299 3371 344 3437 nil
366 3373 470 3449 licere,
494 3391 598 3439 amoro
619 3375 720 3441 nictus
734 3373 944 3457 inpensionem
965 3374 1030 3439 lam
1052 3372 1146 3442 dobes
1160 3372 1240 3439 milri

120 3473 276 3557 duplicem
290 3474 435 3558 gratim
450 3475 507 3541 etsi
522 3493 671 3561 responsa
685 3477 870 3557 restitueris,
894 3477 933 3543 ob
947 3476 1007 3542 hoo
1021 3478 1101 3559 quod
1117 3476 1237 3559 primus

169 3712 317 3767 cronos
343 3711 370 3766 s
471 3712 670 3798 ansegis
770 3710 1160 3783 tremescentem
1177 3728 1237 3783 esp.
1362 3680 1366 3688 ’

118 3814 152 3854 m·
173 3815 225 3857 m.

168 3903 273 3975 mn.
308 3904 453 3975 Epistm
470 3904 576 3959 23-29
593 3918 644 3959 orn.
661 3902 741 3959 m
837 3903 855 3957 8
873 3901 997 3971 maximo]
1016 3917 1109 3956 uorsus
1126 3900 1193 3959 soc.
1209 3901 1237 3957 Β

119 4006 178 4061 cup.
197 4008 230 4047 m.
248 4008 301 4049 rec.
404 3992 438 4047 lt
462 3990 599 4047 incombat
624 3990 651 4045 Β
753 3988 885 4046 discendit
910 3988 938 4043 Β
1039 3989 1074 4043 14
1100 3988 1237 4044 dedicissis

119 4076 146 4130 Β
236 4076 269 4132 15
286 4077 322 4148 et]
340 4080 368 4131 ot
379 4076 466 4131 sdhuo
482 4076 511 4132 Β
527 4076 575 4133 scd
586 4076 671 4131 sdlrnc
682 4074 798 4131 dsistam
889 4074 917 4128 ot
934 4070 1039 4142 addidi,
1057 4090 1108 4131 om
1125 4074 1168 4131 Bt

119 4162 151 4217 16
168 4177 236 4231 quas
252 4162 287 4230 B,
315 4160 362 4232 qui
381 4161 396 4216 b
501 4162 533 4217 18
550 4161 664 4232 gottulis
683 4160 711 4216 Β
810 4160 847 4215 20
864 4158 963 4214 diliciis
980 4159 1008 4214 B

168 4265 286 4322 XXIIII.
321 4266 355 4321 25
373 4264 545 4321 literarumt
570 4280 573 4289 ¹
648 4266 735 4320 uoluit
752 4263 780 4319 Β
797 4266 842 4333 (ιιι
860 4263 924 4330 roc.)
942 4262 973 4329 t,
1000 4263 1091 4318 nolust
1107 4262 1135 4318 Β
