2992 4967
284 350 347 415 118
641 345 759 415 Magni
775 344 902 401 Felicia
919 344 1051 400 Ilnnodi

284 536 428 604 cantetis
451 536 491 603 ud
514 534 615 601 officia
637 534 802 617 peregrina
832 534 1073 599 transducerem.
1107 534 1163 599 sed
1198 535 1325 600 euectus
1348 554 1420 600 rem

286 640 471 725 diligentiae
492 638 672 705 noceamus
687 636 887 701 commutani.
911 636 1059 702 sublimis
1076 638 1159 703 enim
1176 639 1219 702 et:
1229 637 1420 721 magnificus

285 744 336 809 uir
359 762 416 825 pro
439 742 553 808 dolosis
575 740 774 807 inimicorum
797 741 917 806 laboret
932 739 1065 819 insidiis,
1088 742 1142 823 qui
1157 759 1212 824 per
1232 760 1285 806 me
1306 744 1418 825 aequi·

286 846 365 913 tatis
387 849 511 911 neuros
532 845 670 927 inploret
685 843 904 927 patrocinium,
927 862 967 909 ne
983 861 1083 926 praue
1103 844 1302 910 concinnatio
1312 844 1419 926 opini-

287 967 378 1015 onem
401 950 467 1014 eins
481 947 687 1033 permittatur
700 946 851 1013 incessere
869 948 902 1012 et
916 946 1064 1013 subnecti
1078 946 1213 1012 rumoris
1234 945 1316 1012 ierat
1329 947 1417 1012 forte
1437 977 1454 1018 ι

287 1053 503 1138 conpendium.
527 1051 649 1117 domina
671 1052 727 1129 mi,
750 1051 969 1117 salutationem
992 1050 1201 1134 largissimum
1223 1050 1336 1116 dicens
1360 1052 1416 1115 de-

286 1174 405 1241 precor,
427 1160 464 1221 ut
486 1154 540 1221 ille
561 1140 616 1238 qui
637 1152 670 1219 in
692 1154 783 1221 uobis
805 1157 900 1219 notus
921 1156 971 1219 set
991 1154 1082 1237 nigor
1104 1155 1253 1235 edanum
1275 1160 1309 1217 et
1331 1152 1417 1235 qnod

284 1279 303 1326 a
325 1258 470 1343 partibus
491 1257 607 1323 nostrin
629 1256 768 1341 poscitur
788 1259 851 1323 mei
874 1257 1025 1322 armonio
1041 1255 1187 1339 obseqqu
1209 1256 1250 1321 ed
1272 1256 1417 1339 inpetra-

284 1362 403 1429 tionem
425 1378 594 1445 congruum
617 1362 811 1443 perducatur.

766 1530 930 1597 XXVIIII.
1426 1558 1451 1599 ro

679 1666 798 1723 PAPAE
820 1665 1011 1722 ENNODIVS.

329 1772 481 1839 Caelestis
504 1770 679 1837 utilitatem
713 1773 892 1854 sequacium
924 1790 1000 1838 cura
1029 1771 1183 1855 disponit:
1217 1772 1416 1858 inauspicatu

234 1902 235 1907 ¹
283 1875 364 1942 bene
387 1875 426 1941 de
448 1876 505 1940 deo
528 1874 719 1941 merentibus
735 1874 818 1939 duna
831 1873 1030 1956 tribuuntur:
1048 1876 1166 1957 ingerit
1188 1894 1324 1958 superna
1348 1878 1414 1942 dis-

284 1978 427 2065 pensatio
461 1979 556 2061 etiam
590 1974 674 2071 quod
705 1977 883 2060 supplicare
916 1978 1096 2044 humanitas
1129 1996 1191 2043 non
1224 1980 1413 2061 praesumit

286 2082 482 2168 agnouerunt
497 2078 668 2144 aduersarii
683 2079 768 2144 sedis
784 2080 907 2146 uestrae
924 2099 984 2164 quo
1000 2086 1213 2165 propugnante
1232 2082 1450 2167 uincendoque

284 2183 365 2273 quod
380 2182 517 2267 proxime
533 2184 571 2248 de
582 2182 777 2265 Aquileiensi
791 2183 968 2267 redemptor
984 2187 1090 2248 noster
1100 2202 1231 2266 persona
1247 2185 1412 2251 reserauit.

283 2292 315 2353 et
337 2286 406 2354 ideo
428 2287 512 2351 inter
527 2285 712 2351 excellentia
734 2304 899 2351 munerum
915 2288 1094 2353 diuinorum
1114 2290 1196 2370 peto,
1219 2292 1256 2353 ut
1278 2290 1342 2353 mei
1362 2288 1413 2353 co-

282 2380 359 2457 rona
374 2397 480 2457 uestra
494 2392 675 2456 meminisse
690 2410 752 2457 nun
768 2394 891 2457 abnuat.
907 2392 1023 2455 Inuitet
1039 2392 1123 2455 enim
1137 2392 1176 2454 ad
1193 2389 1413 2456 famulandum

281 2494 435 2579 plurimos
458 2496 511 2577 qni
533 2493 677 2577 quamuis
694 2494 784 2577 longe
799 2494 937 2582 positum
953 2494 1058 2577 diligit
1074 2492 1305 2578 obsequentem.
1329 2494 1412 2560 uale.

796 2680 897 2749 XXX·
1421 2710 1449 2749 ιο

604 2816 789 2874 EVGENIITI
807 2817 839 2873 V.
857 2816 881 2872 L
899 2816 1091 2873 ENNODIVS.

326 2924 498 3005 Postquam
523 2923 627 3005 prima
648 2923 716 3005 spei
743 2941 832 2989 meus
853 2921 997 2989 effectum
1020 2922 1131 2990 dedere
1164 2924 1338 3007 conloquia,
1371 2924 1412 2990 ud

280 3043 373 3092 usum
388 3025 542 3091 sermonis
557 3042 612 3091 ora
628 3024 683 3091 din
697 3024 810 3092 ieriuta
824 3026 941 3092 laxaui:
957 3028 1113 3094 animatur
1124 3026 1209 3093 enim
1219 3028 1413 3094 succemibns

283 3128 381 3194 etiam
412 3127 463 3193 eni
496 3146 552 3211 per
587 3128 808 3195 conscientiam
841 3147 903 3196 non
937 3128 1077 3213 subpetit
1097 3130 1233 3197 latiaris
1267 3130 1411 3197 eruditio.

281 3232 477 3299 cessantibus
500 3230 615 3297 modiis
637 3250 730 3315 saepe
753 3231 922 3299 fecundum
944 3234 1058 3318 gandia
1080 3232 1301 3299 reddideruntt
1324 3248 1449 3299 maere

334 3416 464 3475 XXVIII.
501 3419 517 3473 1
544 3418 765 3489 peregrinaturus
792 3418 913 3473 ducerem
940 3418 966 3473 Τ
1074 3419 1092 3472 4
1118 3417 1286 3473 euntinnutio
1313 3418 1341 3474 Iu

280 3503 423 3561 ddumine
440 3519 490 3561 ooo.
510 3502 545 3572 Β,
573 3502 677 3558 domiui
693 3503 721 3558 Β
740 3506 772 3571 (a.
792 3505 856 3559 tm.
867 3518 920 3559 rec.
936 3502 995 3572 oo
1092 3502 1132 3559 mi
1149 3503 1181 3571 Τ,
1204 3503 1272 3559 mihi
1289 3502 1412 3572 BLPV,

279 3588 677 3661 noetuiBlcwlmrecm
772 3588 1038 3661 dimpenndumL
1131 3588 1343 3661 ileongrnttB

280 3676 454 3747 perducatur]
471 3674 536 3733 unit
553 3674 619 3733 aad
636 3674 665 3731 Β
790 3713 793 3719 ,
839 3721 843 3732 .

332 3760 479 3817 XXVIIII.
504 3760 549 3817 12
569 3761 727 3837 sequutum
754 3761 810 3817 Μ·
909 3731 1047 3832 inauspicu
1070 3760 1097 3815 I'
1198 3760 1231 3817 13
1254 3760 1359 3817 dedeo
1377 3777 1415 3817 co

281 3845 362 3901 debeo
381 3845 409 3900 B
510 3846 583 3903 bone
599 3847 639 3903 12¹
742 3845 883 3930 ingerite.
903 3846 1068 3917 dippensetiu
1086 3860 1136 3901 om.
1156 3844 1182 3901 Τ
1283 3847 1317 3902 14
1333 3862 1414 3918 pree·

279 3934 368 3987 sumet
385 3931 415 3988 Β
520 3933 553 3987 16
570 3932 733 4005 aquiligensi
751 3932 789 3998 Β,
815 3921 953 4002 aquiliensi
974 3930 1001 3985 Τ
1100 3932 1134 3987 lt
1156 3948 1295 3987 numerum
1314 3932 1342 3988 X

330 4099 415 4162 XXX.
450 4102 727 4174 aleugemuouc
811 4100 1414 4170 ttdederetT¹241atinresB,ln·

278 4188 351 4245 narie
370 4186 397 4245 Τ
491 4186 526 4243 td
543 4189 710 4246 uenatibus
728 4201 792 4259 ergo
808 4188 853 4244 Pu
952 4189 1082 4246 facundus
1094 4189 1131 4256 Β,
1148 4190 1291 4246 fecundum
1306 4192 1341 4246 2⁷¹

277 4276 388 4332 merome
406 4274 518 4332 1³an
831 4303 834 4310 ⁴
1148 4316 1154 4321 -
