2992 4967
437 363 679 435 Epistularum*
691 364 782 421 liber
799 365 893 423 um
1165 368 1237 445 249,

103 556 170 623 snis
192 557 262 621 iura
282 554 520 623 necessitudinis
540 554 745 623 incrementis
775 562 807 622 et
832 556 1013 628 accessione
1033 558 1105 641 pise
1127 558 1232 643 digni.-

101 662 180 727 tatis
213 662 244 724 et
272 660 394 743 generis
419 661 453 724 et
479 660 666 743 diligentius
693 660 800 747 uincto
826 660 983 737 dissoluit
1011 673 1101 746 ergo
1125 662 1234 729 decuit

101 766 297 831 euectiontm
320 762 425 829 meriti
447 764 545 828 nesti
558 760 710 829 instabili
726 762 808 829 miti
821 781 891 829 esso
903 782 1028 831 rumora
1049 770 1232 847 conpertam

101 868 134 933 et
156 870 194 934 de
217 868 434 933 communitus
449 866 574 949 gaudiis
596 868 698 933 udloc
712 868 848 950 pendere
863 867 1009 951 opinione
1024 869 1231 935 contentum?

75 970 336 1053 solecismum,
370 969 421 1034 cui
455 972 571 1035 bouum
599 972 758 1056 generals-
777 972 952 1050 taceretur,
985 974 1027 1037 nt
1053 985 1122 1037 rom
1144 972 1230 1037 enrei

101 1067 220 1139 sacculi
234 1072 320 1139 solue
334 1090 390 1155 pro
408 1072 619 1139 conscientiae
633 1070 721 1139 meuc
733 1072 924 1140 obscuritate
937 1073 1101 1139 ucecircm.
1115 1072 1231 1143 nobilia

100 1178 170 1243 uite
199 1176 252 1242 uel
280 1192 391 1261 genere
419 1176 538 1259 epitom
567 1176 771 1245 ooclceirstlci
799 1176 1099 1255 honorisoscsndit,
1121 1182 1156 1242 et
1179 1194 1231 1244 me

100 1279 289 1365 dedignatur
311 1272 465 1361 udisquio.
488 1296 561 1344 uere
584 1280 648 1346 tals
671 1280 803 1359 factm,
837 1284 895 1345 ant
916 1278 1023 1345 studio
1043 1283 1099 1345 aut
1119 1279 1233 1362 negiu.

100 1383 209 1468 gentio
231 1384 376 1461 emnerii,
401 1398 461 1447 non
485 1384 642 1465 probetur.
674 1401 730 1467 ego
753 1388 859 1449 tamen
881 1382 1010 1449 seruitio
1032 1383 1230 1452 salutationis

60 1506 89 1546 nc
100 1487 234 1570 inpendo
257 1489 290 1553 et
303 1485 417 1552 Italica
439 1486 655 1569 simplicitate,
678 1488 760 1553 unde
781 1487 948 1554 tristitiam
964 1487 1137 1569 habuerim,
1161 1484 1228 1551 eine

99 1588 350 1656 dissimulatione
373 1588 548 1654 manifesto.
590 1616 594 1625 ·

591 1814 742 1881 xxvnr.
789 1885 794 1902 ,
842 1893 845 1902 ,
906 1875 910 1886 ,
999 1890 1002 1902 ,

487 1964 671 2025 sodomis
694 1962 841 2023 sonmo,
928 1997 932 2008 ·
1008 1963 1012 2002 ἵ

139 2064 269 2154 Duriter
284 2088 422 2154 officium
438 2088 603 2175 gestientis
621 2090 719 2157 animi
735 2090 774 2155 ed
787 2074 969 2157 memorium
984 2088 1125 2155 tristium
1140 2106 1228 2155 mens

62 2212 88 2254 sc
99 2190 312 2264 recordatione
344 2192 534 2261 stimulanda
571 2192 741 2260 reuocauit.
786 2211 859 2260 nem
896 2212 1020 2277 semper
1056 2192 1228 2258 remedium

101 2294 217 2360 doloris
239 2295 353 2361 obliuio
377 2297 432 2379 est,
456 2296 529 2380 quia
551 2298 633 2379 quod
656 2297 776 2362 ratione
792 2313 854 2363 non
869 2311 1034 2383 possum
1049 2297 1227 2379 temporum

100 2396 281 2482 prolixitate
303 2398 479 2481 sepelimus.
504 2396 581 2463 bene
604 2400 661 2475 est,
680 2399 768 2481 'quia‘
782 2384 991 2475 dintumitote
1015 2400 1149 2465 senescit
1171 2398 1228 2464 ad·

99 2489 198 2565 flictio
221 2503 260 2563 et'
274 2500 383 2585 magni
406 2498 520 2567 doloris
543 2500 709 2567 consolatio
728 2500 835 2566 'citius
856 2518 910 2582 por
932 2500 1095 2567 silentium
1117 2518 1229 2587 procu·

97 2605 195 2667 ratur.
220 2620 292 2667 nam
315 2605 347 2667 in
368 2600 544 2668 huiusmodi
566 2600 700 2686 negotiis
722 2604 794 2686 plus
816 2602 922 2686 agitur
945 2604 990 2668 nil
1013 2604 1142 2684 agendo.
1163 2604 1228 2686 sed

61 2704 174 2787 ecquid
196 2700 285 2787 iccio,
310 2703 382 2786 quie
404 2704 550 2789 epistolae
571 2710 695 2770 uestrae
712 2704 808 2770 lectio
823 2708 885 2770 iam
901 2705 1055 2770 obductae
1070 2704 1228 2771 cicatricis

98 2806 273 2891 penetralis
295 2808 446 2875 rescindit
464 2810 495 2875 et
509 2808 667 2892 sepultam
680 2809 832 2873 inmaturi
847 2807 966 2873 funeris
981 2807 1228 2873 recordationem

96 2929 205 2976 amara
226 2914 308 2977 sorte
332 2910 495 2977 uiuiflcot?
517 2926 589 2994 ergo
615 2928 672 2994 ego
696 2912 854 2976 communi
875 2909 968 2977 fratri
982 2909 1228 2977 consolationem

96 3016 170 3079 dure
193 3017 344 3095 poteram,
368 3031 449 3093 cum,
479 3014 506 3080 si
536 3015 608 3097 quid
631 3010 836 3080 humanitatis
859 3015 893 3079 in
914 3021 965 3079 mc
987 3032 1057 3079 esse
1079 3013 1226 3095 creditur,

96 3119 141 3201 sic
163 3116 328 3209 dolorem?
342 3120 403 3209 put·
421 3135 571 3209 umquem
593 3116 668 3211 fiens
691 3117 823 3211 placuit
844 3117 1040 3215 consolator?
1077 3135 1150 3211 ergo
1173 3134 1227 3183 en·

59 3224 240 3304 sspsctatur
270 3222 421 3295 medicine
445 3218 690 3298 domorbidist
734 3240 807 3287 non:
826 3220 864 3288 de
892 3240 957 3301 ms,
979 3210 1092 3305 domne
1115 3211 1227 3307 impl,

149 3478 334 3550 rescissione
351 3493 380 3547 n
472 3493 630 3551 centensi
649 3476 738 3560 rme,
764 3478 921 3549 nucinum
939 3493 1064 3551 snmv
1146 3495 1163 3548 c
1182 3496 1226 3547 es-

97 3574 289 3636 secuni'tuteL
387 3578 474 3648 luel]
490 3583 521 3637 st
538 3580 568 3634 P
584 3584 608 3633 et
627 3576 708 3633 Sim.
798 3579 989 3636 aecclesiastici
1008 3580 1037 3634 B
1132 3579 1155 3633 9·
1168 3594 1227 3633 eue-

96 3668 174 3723 noret
192 3666 219 3721 Β
479 3656 483 3671 “
715 3659 719 3677 ’
937 3670 941 3677 “

148 3771 278 3836 XXVIII.
308 3772 342 3827 13
356 3772 465 3841 agapito
478 3770 513 3839 L,
536 3771 646 3843 agapito
657 3770 689 3825 ios
701 3770 797 3839 agapio
816 3769 842 3823 V
852 3754 922 3827 corr.
934 3787 969 3824 m.
982 3776 1006 3835 1,
1030 3770 1120 3825 fausto
1135 3766 1161 3825 T

98 3860 130 3913 16
158 3856 260 3911 obliuio
284 3844 384 3911 doloris
410 3835 711 3923 YVi,'obliuinoloris
736 3850 779 3910 Β·
819 3842 822 3848 ’
869 3854 901 3910 17
928 3851 1058 3925 sepeliam*
1079 3856 1130 3923 (et
1147 3862 1226 3922 aas.)

96 3944 137 4013 L,
165 3935 295 4013 septimus
318 3945 350 3998 io
367 3935 509 4013 se'pclimne
533 3940 562 3997 V
578 3936 648 3999 cort.
667 3943 739 3999 m.1
786 3929 955 4005 '‘soniscct
978 3942 1007 3997 Β
1110 3944 1144 3998 18
1165 3951 1228 3998 'con-

95 4030 196 4086 solatio
212 4030 255 4098 B,
271 4030 418 4085 wsolctio
437 4029 464 4084 L
553 4029 647 4099 citius]
665 4030 741 4085 cirins
759 4029 783 4094 t,
809 4044 860 4083 om.
878 4028 961 4083 Sim
1057 4028 1090 4083 lo
1107 4030 1228 4099 negociis

95 4114 125 4170 Β
210 4115 245 4169 20
262 4118 369 4169 nocuae
387 4115 402 4169 t
420 4118 447 4169 et
464 4114 544 4169 sirm.
633 4115 748 4170 obductu
766 4114 848 4170 Sina.
939 4113 971 4169 21
991 4114 1227 4181 ructantem,

95 4198 228 4255 rsedndet
246 4196 290 4269 ll,
318 4198 469 4255 rescindent
486 4199 549 4267 LV,
576 4200 730 4257 resoondeut
748 4200 785 4258 B.
878 4200 1019 4255 casciae
1035 4200 1062 4254 B
1164 4218 1230 4257 oon-

96 4287 256 4342 sulaticnem
274 4287 301 4342 Β
386 4286 422 4341 24
438 4300 577 4371 nunqnam
597 4287 624 4340 T
707 4286 828 4355 placauit
843 4285 911 4353 fert.
996 4285 1030 4341 at
1048 4285 1141 4342 donni
1156 4286 1185 4340 Β
