2992 4967
395 372 511 443 Opueo.
529 372 583 431 ΠΙ,
605 372 687 429 Vita
704 368 735 430 Β.
754 370 933 441 epiphani.
1166 372 1233 440 343

98 564 169 631 ulla
189 566 360 631 temeraret
381 568 414 630 et
435 566 492 631 eut
512 563 682 631 metantiae
712 562 837 629 nebulis
869 563 926 630 aut
959 560 1115 629 auaritiae
1143 561 1229 629 lama

97 666 284 743 laederetur,
307 667 454 734 deriuiuit
476 684 646 751 numquam
667 665 730 731 eibi
754 667 945 745 oeuaudunr,
966 667 1006 730 ut
1025 664 1230 733 eommutatie

95 771 248 835 horarum
269 786 306 841 au
326 788 380 854 per
409 768 468 835 lroo
495 770 592 836 semel
614 768 647 834 in
670 769 722 833 die
742 768 901 834 redoieudi
929 772 1053 851 tempus
1078 768 1224 835 adferret.

97 872 188 939 oibos
209 872 303 939 iussit
324 870 385 939 sibi
410 874 533 957 plaeere
559 872 695 952 uiliores,
719 871 861 954 nihilque
879 870 916 937 iu
938 874 1141 957 apparatione
1161 871 1226 939 ror-

68 978 242 1043 aeulorum
271 994 362 1043 nares
391 994 593 1065 saporemque
623 994 716 1041 suum
740 979 845 1058 posset
864 974 1036 1058 eilandere,
1064 976 1127 1041 uisi
1145 978 1228 1059 quod

98 1080 293 1145 aromatibus
308 1078 498 1146 eondiretur.
522 1079 665 1145 holerum
681 1083 713 1145 et
727 1080 898 1165 leguminis
912 1078 1100 1163 paeoebatur
1119 1080 1231 1163 epulis,

97 1182 155 1248 sed
176 1187 323 1249 neutrum
347 1184 457 1249 berum
471 1202 568 1267 usque
583 1186 622 1249 ad
637 1184 818 1250 ronanam
833 1182 975 1266 oapieus:
998 1182 1066 1248 uini
1080 1182 1229 1265 quiddam

97 1302 230 1369 parum,
265 1304 358 1369 quam
395 1286 502 1353 tamen
538 1286 743 1370 exiguitatem
780 1285 968 1370 apostolieae
1005 1283 1231 1353 admonitionis

96 1404 220 1455 memor
253 1389 397 1457 sumebat
426 1390 466 1455 ob
494 1388 649 1457 stemaebi
680 1391 853 1456 eruendam
880 1387 1086 1455 debilitatem.
1122 1404 1230 1471 prooe-

53 1513 87 1553 ιο
97 1493 237 1559 dandum
267 1496 387 1559 censuit
415 1494 560 1559 omnibus
581 1494 614 1559 iu
638 1493 781 1577 quolibet
809 1493 890 1559 aeria
920 1494 1040 1558 terrere
1061 1492 1229 1570 matutine,

97 1594 148 1661 ita
168 1598 206 1660 ut
225 1596 406 1680 uigiliarum
438 1596 570 1663 termam
600 1598 767 1663 leoteribns
791 1597 978 1664 auteoedens
1000 1597 1040 1662 ad
1063 1595 1228 1667 eoolaaiam

98 1699 264 1780 praeberet
292 1700 463 1782 episeopus.
501 1704 665 1784 postquam
695 1716 771 1767 uero
792 1702 832 1766 ad
861 1701 971 1765 altaris
1002 1699 1137 1765 bertinia
1157 1718 1230 1783 per·

98 1802 254 1877 uenisset,
284 1803 405 1868 nullam
434 1800 624 1869 deliberabit
653 1802 795 1870 neuram
816 1821 886 1870 esee
908 1806 1144 1880 necessitatem,
1167 1814 1230 1886 qoa

99 1904 174 1969 inde
202 1905 262 1970 nisi
289 1906 418 1990 inpletis
446 1907 649 1975 sollemnibus
671 1913 777 1990 posset
799 1907 919 1973 abduci.
960 1906 1077 1972 innotis
1097 1905 1227 1989 pedibus

58 2024 198 2090 musque
220 2011 259 2073 ad
282 2009 584 2075 eonsummatienem
606 2012 732 2095 mystiei
756 2012 856 2093 operis
878 2011 964 2077 stare
979 2028 1013 2075 se
1029 2009 1141 2076 debere
1156 2024 1230 2075 oon*

98 2108 224 2187 stituit,
255 2111 302 2177 ita
323 2116 359 2177 ut
381 2130 488 2179 umore
517 2114 725 2199 uestigiorum
754 2114 858 2179 looum
879 2130 973 2179 suum
993 2114 1175 2195 depingeret
1193 2112 1229 2177 et

97 2214 194 2298 longe
230 2215 459 2297 ospioieutibus
501 2216 664 2285 indicaret.
709 2216 965 2282 interoeesiouum
1010 2216 1130 2280 tantm
1167 2212 1228 2279 sibi

98 2318 262 2398 preposuit
277 2334 395 2396 euram,
411 2322 447 2385 ut
462 2322 564 2403 ipsum
579 2338 612 2385 se
627 2319 753 2385 miseris
763 2319 880 2385 inferre
889 2318 1029 2385 erederet
1038 2316 1227 2399 molestiam,

99 2435 196 2499 quam
225 2437 280 2501 per
310 2418 540 2505 neglegentiam
570 2440 588 2486 a
611 2422 858 2504 quibuscumque
885 2416 1082 2504 permisisset
1109 2412 1227 2485 inferri.

59 2520 139 2588 aad
168 2521 356 2602 patientiam
384 2524 500 2591 laberis
522 2529 662 2608 tempere
692 2525 767 2603 otii,
801 2525 983 2590 neeeesitati
1003 2527 1043 2589 ut
1062 2523 1229 2603 suffieeret,

98 2640 212 2705 eorpus
234 2626 366 2707 optauit.
406 2626 465 2693 hoo
487 2628 548 2693 sibi
570 2628 698 2694 uiuendi
720 2626 951 2712 pragmatieum
972 2625 1024 2691 uel
1046 2624 1230 2711 diseipiiuee

98 2728 216 2810 dogma
236 2732 397 2811 proposuit
419 2732 582 2815 adgressus
605 2732 654 2797 eet
675 2729 821 2795 seruauit
839 2730 982 2813 inpleuit.
1217 2751 1221 2758 ·

143 2844 216 2912 Mox
245 2864 318 2914 uero
347 2868 403 2932 per
432 2850 614 2916 uniuersum
644 2850 797 2917 muudum
826 2852 967 2914 sanetum
988 2846 1077 2913 illins
1100 2866 1229 2914 conuer-

100 2948 254 3015 sationem
276 2950 341 3030 ills,
365 2969 442 3035 quae
464 2951 539 3018 lieet
554 2952 586 3017 in
609 2954 754 3037 gloriosis
775 2952 897 3019 notibus
918 2952 1037 3018 tardior
1057 2948 1123 3018 esee
1137 2951 1227 3030 solet,

61 3047 187 3143 alama
208 3072 270 3118 uon
291 3056 406 3137 tacuit,
441 3058 494 3120 sed
518 3057 557 3121 ad
583 3074 673 3122 auree
696 3056 881 3136 Rieemeris,
912 3055 965 3138 qui
987 3059 1064 3122 tuno
1085 3056 1229 3121 secundia

154 3291 295 3346 luebules
316 3292 352 3345 V¹
457 3290 622 3347 eleuaretur
639 3292 750 3348 BLTV
838 3292 959 3349 diflniuit
976 3293 1066 3358 BLV,
1094 3294 1228 3349 diffiniuit

99 3376 171 3430 Pro
257 3376 520 3432 eommutetioffl'
607 3378 752 3448 bae1bao
767 3379 796 3432 Β
881 3378 952 3432 diem
965 3380 993 3433 Β
1078 3378 1228 3435 adtemtur

97 3460 168 3526 fort.
254 3461 388 3532 aplaolre
404 3460 431 3516 Β
528 3464 698 3534 lereulorum]
717 3462 836 3519 oiborum
855 3464 904 3520 Pb
1006 3464 1231 3535 tmperemquee

98 3548 127 3601 Β
215 3552 304 3616 posset
314 3550 421 3619 scripsi,
440 3566 516 3619 pesse
528 3550 594 3605 librs'
684 3550 836 3620 offerridere
848 3550 886 3607 L'
978 3550 1114 3619 dapalis
1130 3551 1159 3607 B

100 3634 290 3691 'leaoietatem
307 3634 393 3689 ΜΨ
473 3635 622 3704 quidemr
704 3636 924 3707 9preoedeudum
937 3637 971 3692 1¹¹
1059 3637 1093 3691 10
1104 3636 1230 3694 inomni·

100 3720 151 3773 bua
168 3718 241 3773 Bon
344 3722 436 3775 tenore
453 3722 522 3777 ooae',
541 3720 667 3777 &Musae
772 3723 804 3776 14
823 3724 909 3793 possit
928 3722 955 3775 Β
1059 3723 1093 3777 lb
1109 3736 1229 3780 oemun-

97 3806 220 3860 matione
232 3804 264 3873 V,
277 3808 479 3862 consumationis
491 3808 519 3862 Β
597 3807 630 3861 16
643 3824 760 3863 umorem
774 3808 809 3875 B,
824 3824 930 3863 tumore
939 3808 975 3873 L,
987 3807 1100 3877 humore¹
1110 3807 1166 3862 TV

98 3890 243 3993 ⁴'pingeret
260 3925 303 3991 (de
320 3942 342 3979 a.
360 3926 378 3979 1.
395 3940 430 3980 m.
448 3930 476 3990 Β)
498 3927 529 3993 V,
556 3926 703 3997 depingant
726 3928 752 3983 T
854 3928 885 3983 17
910 3929 1100 3984 intereeeeiene
1123 3930 1160 3984 V·

99 4010 135 4065 19
152 4009 347 4081 negligentiam
366 4012 400 4077 Β,
428 4012 644 4082 neggligeutiam
666 4013 691 4068 Τ
788 4014 823 4068 20
840 4014 1002 4084 paeientiam
1020 4014 1105 4070 nr?
1197 4022 1232 4071 ut

98 4094 255 4151 neranitati
267 4101 298 4151 ut
311 4096 373 4159 Bb;
396 4098 446 4151 otii
457 4106 486 4153 et
497 4098 665 4155 neoeaeitetia
677 4103 708 4153 ut
720 4100 768 4159 ut
778 4101 861 4156 otiiuo
872 4101 1029 4158 neeeeeitati
1042 4106 1074 4157 ut
1082 4104 1228 4172 proposuit

99 4181 229 4239 Mater
331 4184 365 4237 ‘n
387 4184 494 4253 optauit
517 4184 543 4239 Τ
642 4184 677 4241 Μ
701 4185 730 4241 iu
750 4199 802 4241 eea
823 4186 849 4239 T
948 4186 1066 4243 traditor
1087 4186 1160 4245 nott

99 4302 134 4356 25
152 4273 277 4355 ricimeri
293 4302 324 4355 ia
340 4316 395 4357 roe.
416 4300 441 4355 Τ
540 4304 672 4361 resarum
690 4304 730 4361 L·
