2992 4967
451 323 689 394 Epistularum
712 324 803 381 liber
820 325 853 381 V.
1156 332 1217 399 133

84 514 316 579 conualescant
339 518 484 581 notorum
507 514 648 581 obsidem
671 515 805 582 tradidit
824 516 983 583 honestati
1004 516 1058 600 qui
1073 516 1114 583 ad
1137 518 1216 584 libe·

82 616 167 681 rales
190 616 330 699 adspirat
351 619 470 701 superis
492 618 675 685 fauentibus
700 619 899 703 disciplinas:
922 621 1073 687 bonarum
1090 620 1217 689 affectus

82 720 206 785 artium
228 721 334 787 dirum
355 720 542 805 dedignatur
564 723 741 807 ingenium:
764 726 805 789 ad
822 722 1018 806 eloquentiae
1034 728 1217 791 ornamenta

82 840 148 887 non
172 823 308 889 tendunt
329 826 390 889 nisi
412 826 552 891 moribus
574 827 726 892 instituti.
758 826 808 892 his
822 826 991 892 Partenius
1014 827 1122 891 nostor
1142 846 1215 911 ger·

60 943 197 991 emmae
227 925 313 993 filius
335 926 487 993 incitatus
509 928 648 995 stimolis
671 930 821 1008 Romam,
848 931 882 995 in
904 946 964 1012 qua
986 932 1035 994 est
1062 929 1216 995 naturalis

81 1028 239 1109 eruditio,
263 1028 393 1097 feetimt
416 1030 569 1110 inuisere,
599 1032 649 1097 cui
673 1030 903 1116 magnitudinis
925 1034 1046 1097 uestrae
1069 1031 1217 1116 suffragia

81 1150 156 1196 aum
179 1134 310 1215 paterna
330 1133 499 1217 pollicitus.
523 1133 616 1199 datur
638 1134 769 1201 culmini
791 1135 896 1200 uestro
912 1152 967 1216 per
982 1133 1216 1217 supplicantem

79 1234 213 1317 genius,
242 1234 333 1318 dum,
363 1236 445 1318 quod
466 1254 541 1301 usus
563 1236 676 1319 exigit,
707 1236 850 1321 precibus
872 1236 1079 1320 inploramus,
1108 1254 1165 1303 ceu
1187 1236 1216 1304 si

82 1335 157 1419 quis
180 1336 286 1401 credat
301 1356 335 1402 se
349 1340 455 1403 ortum
477 1340 559 1421 solis,
577 1356 704 1405 cursum
719 1338 863 1405 fluminis
884 1339 1025 1405 oratione
1039 1343 1215 1422 promereri.

48 1456 149 1503 senon
172 1439 221 1505 sst
243 1438 441 1519 beneficium,
464 1439 519 1507 ubi
542 1440 616 1507 ordo
639 1442 798 1507 seruatur:
827 1443 908 1507 mori
928 1441 1111 1525 obsequitur
1131 1444 1216 1526 quod

81 1541 207 1625 obligat
228 1542 401 1608 uniuersos.
425 1561 482 1627 ego
505 1546 610 1609 umen
631 1563 727 1627 supra
741 1562 875 1622 cunum,
898 1563 918 1609 a
939 1561 999 1627 quo
1020 1562 1216 1627 nequaquam

81 1642 257 1722 disceditis,
281 1645 398 1727 aliquid
414 1646 598 1727 accepturus
614 1662 751 1711 occurro.
785 1646 883 1711 direxi
903 1663 1077 1728 personam,
1099 1647 1133 1713 iu
1155 1667 1215 1731 qua

82 1746 270 1811 meritorum
293 1764 433 1813 meorum
455 1749 557 1813 status
580 1748 775 1813 aestimetur.
802 1748 880 1815 ulios
902 1748 1034 1818 forsitan
1056 1766 1215 1816 commen-

82 1848 171 1916 datio
192 1851 280 1916 iuuet
301 1849 457 1916 indebita:
488 1849 669 1933 parentibus
692 1851 798 1917 minus
821 1856 870 1917 est
896 1852 1043 1935 quioquid
1070 1871 1215 1936 superare

50 1968 145 2017 onon
169 1970 342 2035 possumus
365 1954 488 2017 domiue
511 1954 565 2027 mi,
593 1952 724 2018 seruitia
744 1954 943 2019 salutationis
965 1957 1214 2037 repraesentans,

81 2054 271 2137 portitorem
285 2054 391 2137 panus
408 2056 534 2139 eiusque
548 2055 709 2139 negotium
725 2056 876 2138 elocutus,
892 2057 990 2123 restet
1001 2060 1038 2123 ut
1050 2076 1215 2144 agnoscam

82 2158 160 2241 quid
183 2159 341 2223 mereatur
361 2175 494 2243 persona
515 2176 610 2223 cauea
636 2160 829 2241 proximitas.

630 2346 668 2411 X.

375 2478 576 2535 SYMMACHO
594 2479 711 2535 PAPAE
729 2479 924 2538 Ennomus

48 2624 73 2665 se
126 2602 214 2668 Dum
235 2603 339 2669 sedem
362 2602 564 2685 apostolicam
587 2622 717 2669 coronas
738 2605 862 2670 uestrae
886 2620 962 2669 cura
979 2605 1159 2669 moderetur
1182 2605 1216 2668 et

83 2706 228 2773 caelestis
242 2705 365 2790 imperii
380 2708 501 2790 apicem
515 2705 636 2789 regitis,
660 2706 823 2772 blanditur
836 2704 1029 2790 profectibus
1048 2710 1214 2787 parentum

83 2807 168 2892 quod
189 2808 267 2874 meis
288 2810 474 2891 promissum
496 2810 622 2875 tenetur
644 2808 767 2875 officiis.
802 2828 889 2892 spem
911 2810 979 2873 sine
1000 2806 1073 2874 labe
1096 2806 1216 2873 obtinet

82 2914 167 2996 apud
190 2916 387 2979 constantem
408 2914 513 2979 unum
535 2912 670 2979 fideliter
693 2914 868 2980 obsecutus.
896 2910 1023 2996 mndis
1040 2915 1087 2977 est
1103 2928 1215 2995 pompa

81 3017 289 3099 praestantis,
323 3016 467 3098 quotiens
497 3018 578 3099 quod
607 3032 687 3083 unus
711 3016 826 3083 meruit
853 3015 1000 3098 plurimis
1021 3015 1213 3097 repensatur.

136 3254 149 3307 1
175 3226 343 3339 ξῖζιιιωιιιιι
365 3255 396 3323 V,
424 3254 641 3310 cnrnuoeseene
664 3255 691 3309 n
793 3254 917 3310 reeens
935 3256 963 3310 Β
1067 3253 1215 3309 censent

82 3358 130 3415 Pb
233 3360 287 3413 nisi
311 3376 344 3415 cu
367 3360 420 3415 tibi
446 3361 520 3416 Tm.
539 3360 559 3413 2
661 3358 800 3428 germinas
829 3358 857 3413 Β
959 3358 976 3413 5
1002 3374 1070 3429 quaa
1092 3358 1116 3425 (t
1134 3357 1214 3423 crea)

81 3447 108 3501 L
208 3446 226 3501 8
243 3460 329 3514 genus
350 3445 386 3500 Β
484 3444 574 3513 exiget
591 3444 619 3499 Β
718 3445 735 3499 9
753 3443 864 3500 hortum
882 3444 911 3500 Β
1009 3444 1042 3498 10
1059 3441 1214 3496 bauiflcim

82 3532 110 3585 Β
216 3532 247 3585 11
266 3531 406 3586 uniuersus
424 3531 453 3585 Β
557 3531 590 3586 12
608 3529 746 3585 disceditis
765 3531 826 3595 Pb,
853 3530 998 3585 dimedetir
1015 3528 1051 3593 Β,
1079 3524 1214 3581 disciditis

82 3616 166 3672 LTV
259 3616 293 3671 13
310 3619 431 3672 statutus
449 3617 476 3672 L
571 3616 642 3670 elius
659 3614 686 3670 Β
782 3617 815 3671 14
832 3615 909 3671 iubet
927 3614 964 3683 B,
980 3614 1073 3669 innuet
1091 3612 1119 3680 (b
1132 3615 1215 3680 cros.)

81 3703 108 3757 L
209 3718 308 3757 munus
326 3703 342 3757 b
359 3702 407 3757 eod
424 3702 514 3757 minus
531 3702 564 3757 iss
580 3718 633 3773 mg.
739 3702 771 3757 15
788 3700 858 3756 mibi
875 3700 965 3756 BLV
1063 3712 1214 3766 repraesen-

81 3797 124 3877 εἰ,
142 3824 171 3881 Β
276 3824 309 3879 ιι
328 3823 509 3892 permisce
528 3825 575 3879 Pe

131 3926 165 3983 X.
204 3927 236 3983 19
262 3924 388 3997 symacbo
415 3926 444 3980 Β
556 3926 592 3981 20
616 3920 680 3981 cnm
706 3925 731 3980 Τ
840 3924 929 3979 sedem
956 3939 990 3979 cc
1015 3922 1164 3979 secundum
1190 3922 1217 3977 T

81 4054 153 4105 ee
257 4047 412 4103 mearant
429 4048 479 4113 eo,
507 4047 661 4103 monerem
678 4046 793 4102 neno
890 4046 924 4100 Β
943 4032 1046 4116 regom
1059 4045 1095 4112 Β,
1113 4008 1215 4129 region

84 4171 110 4226 r
211 4168 246 4223 aa
264 4140 330 4236 quic
346 4170 374 4224 Β
477 4169 552 4223 cenet
568 4168 596 4222 Β
697 4164 938 4237 eupatorem
1040 4165 1076 4221 na
1092 4163 1216 4221 teucer

81 4256 109 4311 Β
213 4254 249 4308 24
265 4254 413 4323 prestantis
431 4254 459 4307 Β
561 4252 684 4322 pluribus
703 4251 786 4308 Sim.
