2992 4967
632 346 745 415 Magni
763 345 893 400 l‘elicis
907 344 1041 422 Enucdi

717 766 724 773 ι
796 670 881 737 xvi.

637 786 821 900 nullumve
844 842 1037 904 LVMINOSO.

318 985 388 1053 Non
403 987 549 1053 deberent
564 1004 630 1051 esse
647 985 806 1069 negotiosa
824 984 997 1067 conloquia,
1020 1002 1098 1067 qnae
1115 1002 1169 1067 pro
1185 982 1324 1047 remedio
1343 982 1409 1048 sibi

278 1108 364 1155 amor
393 1090 529 1165 inuenit,
563 1106 620 1153 neo
651 1088 812 1171 religionis
846 1087 1037 1172 stipendium
1073 1086 1113 1152 ad
1146 1086 1324 1152 necessaria
1352 1104 1411 1151 nos

280 1196 436 1275 oporteret
464 1210 591 1258 euocare
619 1192 818 1275 commercia,
854 1192 928 1274 quia
961 1189 1050 1256 dulce
1082 1191 1164 1255 esset
1197 1189 1442 1273 epistularums

277 1296 386 1361 munia
407 1296 467 1361 soii
491 1294 629 1360 militare
653 1279 831 1360 concordiae
854 1313 911 1359 nec
932 1293 1196 1377 rern'diligentiae
1218 1294 1252 1359 in
1268 1292 1411 1374 aucupia

278 1398 446 1465 transferre
475 1399 655 1482 conpendii!
695 1399 749 1463 sed
777 1417 826 1462 res
854 1400 892 1463 ad
920 1399 980 1463 hec
1008 1396 1115 1476 rediit,
1147 1400 1182 1462 ut
1209 1395 1272 1461 uisi
1302 1395 1412 1460 senior

277 1506 401 1583 caritas,
425 1522 504 1585 quae
531 1503 614 1567 inter
636 1521 690 1567 nos
714 1502 753 1566 ab
769 1504 836 1583 ipso
858 1502 942 1566 uitae
962 1502 1072 1566 limine
1094 1500 1229 1589 sumpsit
1243 1498 1411 1564 exordium

277 1609 308 1673 et
336 1606 518 1689 peruenias
545 1606 740 1688 profectuum
770 1606 853 1671 uires
880 1622 1015 1670 messem
1044 1603 1163 1688 gratiae
1191 1600 1340 1685 perduxit
1369 1602 1410 1665 ad

277 1728 392 1788 aream,
417 1711 565 1791 conpulsa
586 1726 641 1791 pro
657 1708 734 1773 meis
751 1708 891 1789 partibus
906 1708 1034 1773 stimulo
1051 1706 1228 1789 scriptionis
1242 1706 1409 1789 adsurgat,
1419 1732 1443 1770 o

280 1812 391 1895 grandi
419 1812 655 1894 ingratitudinis
685 1814 716 1875 et
745 1811 1005 1875 detrimentorum
1039 1810 1205 1875 sterilitate
1237 1809 1409 1891 percutiar.

278 1914 424 1980 meminit
445 1914 619 1998 amplitudo
640 1918 744 1979 uestra
760 1914 890 1997 quaede
909 1914 1058 1995 expensis,
1083 1931 1161 1996 quae
1181 1915 1263 1995 apud
1279 1912 1409 1978 Rauen-

278 2036 351 2082 nam
373 2019 535 2102 episcopus
558 2038 643 2082 mem
665 2018 793 2097 feceret,
816 2036 865 2083 me
880 2018 909 2081 ei
924 2015 1167 2083 redhibitionem
1189 2017 1408 2099 promittente,

278 2140 333 2204 pro
356 2121 439 2185 sedis
461 2121 647 2204 spostolicae
669 2122 818 2200 utilitate,
842 2122 1002 2187 uobiscum
1025 2120 1119 2186 fuerit
1141 2121 1339 2186 conlocutus:
1369 2123 1409 2185 de

252 2274 254 2281 .
280 2243 340 2306 qna
362 2224 553 2289 restituenda
569 2224 699 2289 celerem
715 2224 926 2305 promiseratis
941 2222 1096 2289 effectum.
1126 2224 1180 2287 sed
1197 2242 1252 2305 pro
1266 2222 1409 2306 peccatis
1419 2244 1442 2286 u

280 2332 357 2391 meis
380 2328 483 2391 nescio
506 2326 558 2409 qui
582 2345 670 2393 casus
694 2347 804 2392 manus
827 2328 980 2412 opposuit.
1004 2330 1041 2392 de
1057 2344 1119 2410 qua
1133 2326 1172 2392 ad
1187 2344 1237 2390 me
1251 2326 1410 2407 praedicti

280 2429 429 2494 antistitis
453 2448 484 2495 se
501 2431 656 2495 conuertit
670 2433 810 2511 intentio,
836 2433 871 2495 ut
886 2433 937 2495 uir
952 2431 1088 2496 indutias
1103 2430 1142 2496 ad
1158 2428 1409 2495 sacratissimam

280 2534 388 2597 urbem
410 2532 558 2599 tribuerit
573 2534 760 2600 destinandi.
784 2552 866 2599 nnnc
886 2534 957 2617 post
972 2538 1064 2600 deum
1079 2536 1111 2598 in
1126 2532 1214 2598 uobis
1231 2550 1326 2597 censa
1348 2534 1409 2608 est,

281 2636 333 2719 qui
355 2636 484 2718 potestis
508 2639 539 2703 et
561 2656 726 2720 persenam
749 2658 852 2704 meam
882 2636 1049 2703 offensione
1075 2636 1230 2719 pontificis
1254 2641 1285 2701 et
1309 2638 1410 2702 detri-

278 2741 394 2804 mentis
417 2740 549 2821 eripere‚
582 2760 619 2805 ne
643 2738 782 2806 officium
809 2741 882 2805 fidei
904 2741 982 2805 mihi
1004 2742 1057 2804 uni
1080 2740 1234 2822 peperisse
1260 2740 1441 2805 uideaturm

278 2845 417 2909 aduersa.
462 2843 584 2909 domine
614 2842 673 2922 mi,
711 2844 909 2908 salutationis
938 2861 1067 2907 munera
1097 2833 1275 2924 persoluens
1311 2842 1410 2907 deum

278 2965 394 3030 precer,
418 2949 453 3009 ut
478 2948 617 3010 animum
631 2952 773 3012 uestrum
795 2950 835 3011 ad
853 2948 1004 3012 utilitatis
1020 2963 1107 3011 meae
1123 2944 1408 3011 considerationem

280 3051 499 3113 incunctanter
520 3051 644 3117 inuitet.
684 3068 740 3132 ego
764 3050 839 3132 quid
862 3051 997 3133 amplius
1025 3050 1158 3114 facerem
1180 3048 1323 3114 inuenire
1344 3067 1407 3113 uon

279 3152 376 3235 potui,
400 3152 462 3216 nisi
486 3154 521 3216 ut
544 3171 615 3217 cum
638 3154 825 3237 allegatione
847 3153 1015 3218 manifesta
1029 3152 1126 3217 fidum
1142 3152 1221 3217 mihi
1236 3149 1406 3235 dirigerem

280 3257 474 3337 perlatorem.
1415 3272 1440 3313 ae

330 3544 401 3598 XVI.
432 3546 519 3613 :tque
536 3544 563 3599 B
581 3560 601 3599 s.
620 3546 637 3598 t.
741 3544 882 3613 5,quie]!
900 3560 981 3614 quum
999 3546 1064 3611 fort.
1168 3543 1304 3597 dlumine
1329 3543 1364 3597 V¹
1383 3550 1408 3600 ec

280 3630 362 3685 Siren.
449 3630 639 3699 bprolecteum
653 3630 679 3684 L
761 3631 833 3685 uices
844 3632 909 3698 sort
996 3630 1206 3685 innominata
1287 3632 1408 3701 expensis

280 3724 340 3802 qua'
369 3734 394 3788 Τ
495 3734 628 3805 episcopus
656 3734 682 3789 B
792 3737 826 3791 13
853 3736 1040 3791 redibitionem
1066 3735 1168 3801 Bw,
1199 3733 1408 3789 retributionem

281 3818 308 3873 L
412 3820 444 3875 14
461 3821 649 3889 apostoliceB
752 3823 911 3906 coillocutus
932 3822 957 3875 T
1058 3823 1092 3875 15
1113 3822 1228 3890 peccatis
1245 3820 1312 3875 meis
1335 3822 1362 3876 V
1376 3822 1409 3875 ἐκ

280 3920 335 3979 rue.
440 3926 473 3978 16
497 3926 620 3994 opposuit
638 3942 733 3979 munus
757 3926 841 3981 ΜΨ
943 3924 976 3981 17
999 3921 1183 3980 antestitisB
1286 3924 1408 3979 inducias

281 4015 305 4075 (c
324 4025 357 4062 ce:
374 4012 388 4063 t
406 4011 485 4078 corr.)
504 4012 531 4065 B
626 4012 658 4066 18
676 4012 805 4066 tribueret
823 4013 850 4067 L
945 4012 1117 4066 destinandus
1136 4012 1184 4065 Bb
1281 4012 1313 4065 19
1326 4012 1409 4065 effen-

280 4092 409 4148 sionili'
446 4098 753 4167 pontificielmeiadd.
766 4098 853 4152 ΜΨ
934 4098 1103 4153 dbuideatur
1114 4098 1246 4167 peperisse
1259 4096 1342 4151 ΜΨ

280 4180 493 4236 arminiam
584 4184 884 4239 deminumbctde'm.
980 4181 1340 4253 ddquideB¹utetidetur

280 4268 315 4323 24
330 4268 410 4323 fidem
426 4269 473 4324 Bb
