2992 4967
445 356 678 426 Epistularum
698 355 786 409 liber
804 356 826 409 Ι.
1153 357 1196 422 33

72 547 277 611 maestitiam.
313 549 367 611 sed
389 565 471 611 nuno
492 550 530 612 ad
554 545 706 628 epistulae
727 563 819 609 usum
841 550 989 612 repertor.
1026 548 1128 626 salue,
1151 551 1195 614 rni

72 649 210 724 domurn,
233 653 265 714 et
287 650 430 732 gerulum
451 649 663 732 praesentium
686 649 820 714 Bassum
844 649 880 713 V.
899 649 932 714 d.
954 651 1011 714 illa
1025 669 1087 732 qua
1109 669 1196 716 uaros

71 769 159 816 meos
188 751 294 817 soletis
328 751 507 835 dignatione
542 752 703 835 suscipite,
731 751 805 834 quia
833 753 917 816 inter
938 771 1061 830 omnes,
1083 753 1197 835 quibus

71 853 203 918 effeetus
226 857 274 918 est
297 873 399 918 meam
420 857 546 936 propter
567 871 622 920 uos
648 855 819 919 amieitiam
842 855 1012 934 sumite,
1041 857 1198 939 quandam

51 955 251 1039 apraedietus
284 974 389 1022 aroem
422 957 570 1039 puritatis
599 957 746 1022 aseendit.
784 957 891 1022 inuata
924 975 996 1042 ergo
1029 959 1197 1040 petitiones

73 1059 160 1140 eius,
190 1059 228 1124 ut
248 1060 385 1124 iruotum
413 1061 451 1125 de
479 1060 616 1143 inpensis
639 1061 762 1143 rapiens
785 1062 823 1124 ad
845 1059 966 1141 potiora
987 1063 1196 1144 praeparetur.

595 1233 679 1298 XXI.

461 1351 600 1406 FAVSTO
621 1350 814 1407 ENNODIVS.

118 1457 182 1522 Diu
203 1475 296 1537 super
317 1457 454 1522 aduentu
484 1456 700 1539 amplitudinis
722 1459 845 1520 reabse
867 1457 996 1539 aueipiti
1017 1477 1105 1523 mens
1127 1477 1198 1524 mea

41 1584 64 1622 ro
74 1557 224 1643 pependit
256 1559 380 1624 inditio.
417 1563 470 1626 sed
503 1564 665 1642 postquam
699 1579 748 1626 me
781 1561 889 1626 diuina
915 1560 1128 1625 misericordia
1160 1563 1199 1626 ab

76 1661 254 1726 huiusmodi
286 1662 439 1728 anxietate
467 1663 601 1746 laxauit,
635 1663 744 1728 statim
774 1665 814 1728 ad
843 1663 945 1730 offioia
972 1667 1122 1728 eonsueta
1149 1683 1200 1730 me

76 1764 211 1841 mutuli,
257 1783 443 1848 quemquam
486 1767 672 1850 paginarum
721 1767 868 1849 obsequia
900 1784 958 1831 neo
989 1766 1126 1849 digresse
1160 1768 1199 1832 ad

76 1867 249 1951 longinqua
270 1869 503 1950 subpresserim.
527 1869 576 1934 his
598 1887 672 1950 ergo
704 1870 911 1934 ualitudinem
935 1887 1038 1934 meam
1059 1869 1200 1936 indioaus

77 1969 306 2051 aegritudinem
322 1971 417 2036 animi
433 1989 544 2048 resero,
564 1990 658 2054 quam
675 1972 712 2038 de
727 1990 866 2038 maerore
883 1973 1029 2038 oontrni
1053 1973 1092 2037 de
1105 1971 1200 2038 lumi·

43 2090 154 2136 renum
182 2075 359 2137 nostrorum
386 2073 487 2139 salute
517 2073 682 2151 sollicitor,
710 2076 743 2140 in
773 2093 809 2140 eo
837 2076 899 2141 looi
927 2075 1132 2153 sorditatas,
1161 2075 1200 2141 ad

77 2193 171 2257 quem
186 2173 313 2240 difficile
328 2176 455 2241 nuntius
478 2178 656 2257 erpeotatus
678 2176 844 2244 adlabitur.
869 2178 949 2259 quod
967 2177 1000 2242 in
1016 2177 1129 2242 solario
1144 2181 1200 2258 est,

78 2280 171 2342 deum
199 2296 323 2360 precor,
353 2279 390 2342 ut
417 2279 506 2344 nulla
532 2297 655 2344 seruum
684 2296 778 2344 suurn
799 2279 939 2361 patiatur
968 2279 1104 2362 amplius
1125 2295 1201 2344 eura

78 2381 247 2460 materani,
281 2382 334 2447 sed
368 2381 405 2446 de
437 2382 565 2447 reduota
602 2400 707 2446 eorum
743 2383 778 2447 in
814 2382 949 2446 solidum
992 2382 1197 2464 prosperitate

79 2484 216 2548 aestibus
238 2484 318 2549 meis
337 2485 428 2549 celeri
442 2485 565 2550 medela
580 2483 757 2549 subueniat.
776 2485 916 2548 salutans
932 2482 1037 2548 debita
1051 2485 1201 2548 seruitute

46 2606 194 2670 reprobor,
218 2589 254 2651 ut
277 2586 407 2670 eognitis
430 2586 488 2662 his,
512 2586 551 2652 de
574 2587 688 2668 quibus
706 2584 829 2651 animus
850 2604 937 2651 meus
952 2585 1041 2650 uaria
1055 2586 1201 2651 aestima·

78 2693 163 2756 tione
185 2690 329 2767 laetatur,
354 2689 460 2754 sedulo
482 2688 563 2754 mihi
586 2687 781 2752 hilaritatem
796 2687 1005 2752 deferentium
1026 2688 1201 2752 litterarum

79 2791 227 2860 beneficio
251 2792 448 2856 succurratis.

590 2930 693 2994 XXII.

452 3047 616 3106 OPILIONI
641 3047 834 3104 ENNODIVS.

50 3183 72 3226 a
123 3153 277 3237 Coeperat
305 3153 494 3236 paruitatem
528 3171 631 3219 meam
663 3152 848 3237 magnitudo
881 3153 989 3218 uestra
1020 3169 1089 3232 spe,
1125 3168 1205 3232 quae

80 3262 155 3323 uota
178 3257 333 3333 transiret,
356 3255 544 3338 dignationis
568 3255 719 3321 adtollere
741 3259 774 3320 et
791 3253 936 3320 eaeloetis
958 3254 1097 3318 instituti
1118 3270 1205 3318 more

132 3475 314 3532 lmestitiam
331 3474 441 3529 BLTV
534 3476 573 3528 mi
594 3475 644 3528 Ti
661 3475 693 3529 ia
710 3491 765 3528 raa
868 3475 1024 3544 2gerolnm
1042 3476 1205 3544 presentium

81 3564 108 3618 B
216 3561 270 3616 oio·
292 3559 359 3626 BL,
388 3576 457 3614 nuno
475 3560 519 3614 Pb
622 3561 836 3614 oarusmousB
938 3559 1074 3614 3solites
1097 3559 1137 3612 ΒΙ

82 3685 213 3752 suscepite
231 3679 308 3742 Bw,
336 3645 455 3748 susdpie
475 3679 501 3734 T
524 3645 568 3750 p¹te
586 3681 618 3734 in
634 3695 690 3734 raa.
792 3679 810 3734 5
826 3679 963 3749 predictus
980 3677 1008 3732 B

132 3801 204 3858 XXI.
241 3800 422 3856 {induentem
441 3801 505 3856 P¹T
607 3801 640 3856 10
662 3800 762 3855 iudidio
779 3799 823 3854 Pb
925 3801 956 3854 11
975 3804 1103 3854 consueta
1119 3799 1208 3854 oitioia

84 3909 165 3964 sam
271 3905 303 3959 12
329 3919 479 3973 quanquam
506 3904 563 3959 LV
662 3905 696 3958 13
722 3903 926 3971 subpraesserim
950 3903 978 3956 B
1081 3903 1116 3958 14
1131 3893 1207 3957 ”sero

83 3997 117 4062 B,
142 3992 304 4050 referebat
323 3989 404 4044 Siros.
515 4005 617 4044 merore
645 3989 781 4044 BLPTV
891 3989 924 4042 16
950 3991 1078 4058 expertat'
1096 3989 1122 4044 Τ
1137 3989 1158 4043 t'
1173 3990 1208 4043 irs

83 4097 137 4136 ras.
224 4076 352 4131 allabitur
365 4075 446 4130 ΜΨ
530 4075 626 4130 solatio
637 4077 694 4134 tr
781 4074 814 4127 17
825 4089 931 4142 praetor
946 4073 982 4128 V¹
1073 4075 1106 4129 18
1117 4089 1207 4129 eorum

85 4169 118 4234 Β,
141 4179 261 4220 meorum
280 4159 402 4216 LPTVd
506 4162 538 4216 19
555 4161 665 4216 medilla
683 4161 710 4215 B
812 4159 845 4214 21
864 4159 1003 4215 literarum
1023 4163 1049 4217 Τ

134 4267 224 4325 mr.
258 4263 292 4318 25
309 4263 459 4332 oeperatT
559 4263 593 4318 26
610 4263 735 4319 attollere
753 4261 817 4328 LV,
839 4263 966 4318 attolerot
985 4266 1021 4316 T¹

135 4374 184 4429 vt
1088 4367 1106 4419 3
