2992 4967
381 383 498 453 Opusc.
516 382 570 439 111.
594 382 675 439 Vita
691 382 723 440 Β.
742 383 922 453 Epiphani.
1156 388 1219 455 361

69 571 208 639 bantur
240 574 321 654 suis,
355 590 432 656 quos
466 574 534 640 suri
562 574 715 642 redimere
736 592 798 641 ron
821 575 975 657 potuisset
995 574 1115 642 effusio.
1151 576 1221 661 regi

68 674 273 757 aptissimus
302 678 334 741 et
361 694 435 759 prae
462 677 578 743 sanctis
605 677 749 743 omnibus
779 677 969 744 uenerabilis
992 678 1161 758 existebat,
1183 681 1221 745 ut

70 794 300 862 quoscumque
344 779 553 847 Romanorum
596 778 736 845 bellandi
779 778 906 845 lieentia
950 781 1114 847 homiuum
1154 782 1220 847 eius

69 881 220 947 fecisset
248 900 315 947 esse
346 881 496 965 captiuos,
520 881 660 949 merilli
683 881 872 961 restitueret,
895 901 989 967 quem
1010 886 1078 950 sole
1092 886 1220 953 intelle·

45 984 184 1067 sgebat
219 984 351 1051 aliorum
384 984 531 1051 libertato
564 984 667 1052 ditari.
706 985 816 1051 deindo
849 1002 1033 1053 enumerare
1065 1007 1218 1071 nequeam

71 1088 209 1171 quanta
230 1086 284 1153 ille
308 1086 544 1171 subiugatorum
559 1088 685 1171 agmina
701 1088 766 1154 solo
789 1087 913 1172 proprio
932 1088 1080 1170 reddidit,
1103 1096 1221 1173 quanta

73 1210 118 1255 ne
144 1194 348 1274 uererentur,
372 1190 528 1273 imposuit.
560 1191 624 1257 iam
638 1192 665 1256 si
680 1190 737 1257 ille
751 1192 900 1275 retexam,
923 1210 999 1275 quas
1021 1191 1221 1259 inimicorum

73 1293 246 1361 sustinuit
279 1292 476 1375 insolentias,
514 1293 627 1377 quibus
662 1292 820 1361 laborauit
851 1294 1097 1374 immissionibus,
1135 1298 1220 1379 quali

74 1398 244 1481 procellas
272 1399 477 1482 pessimorum
505 1399 622 1467 uirtute
648 1400 853 1481 contempsitr
885 1400 927 1466 ad
949 1400 1026 1468 haec
1046 1401 1221 1467 enarranda

39 1501 203 1585 elingua
225 1516 286 1566 uon
309 1500 454 1567 sufficiet.
486 1502 576 1567 iuuet
598 1502 681 1567 euim
704 1505 790 1567 certa
810 1518 947 1584 quaeque
971 1502 1141 1586 decerpere,
1164 1501 1220 1567 ubi

77 1607 162 1669 sunt
188 1604 293 1669 omnia
316 1603 501 1671 admiranda
523 1622 601 1685 quae
619 1603 745 1671 referas.
775 1602 833 1669 sub
857 1603 916 1669 tali
937 1622 1026 1671 cruce
1047 1604 1220 1671 triennium
1338 1613 1342 1621 '

79 1707 194 1783 duxit,
230 1706 288 1771 soli
317 1708 373 1773 deo
404 1705 544 1772 dolorum
574 1724 700 1773 suorum
723 1706 843 1772 secreta
863 1706 1083 1786 manifestans,
1118 1724 1220 1791 aquo

79 1808 267 1875 ministrari
290 1809 351 1875 sibi
373 1810 600 1875 clandestinum
620 1810 765 1893 poscebat
787 1808 949 1877 auxilium.

126 1948 211 2014 Post
234 1945 306 2012 hinc
329 1946 477 2031 digressis
501 1946 611 2013 Gothis
634 1948 744 2013 ciuitas
768 1946 943 2013 {ticinensis
965 1946 1063 2031 Bugis
1084 1948 1134 2011 est
1155 1948 1220 2012 tra·

46 2052 164 2128 redita,
190 2050 369 2117 hominibus
391 2050 476 2117 omni
499 2050 626 2117 feritate
648 2050 836 2129 inmanibus,
859 2067 937 2134 quos
955 2052 1043 2115 atrox
1059 2050 1092 2114 et
1108 2051 1220 2115 acerba

82 2155 135 2219 uis
160 2153 340 2220 animorum
362 2156 403 2221 ad
427 2155 584 2221 cotidiana
605 2155 721 2221 seelera
735 2154 945 2221 sollicitabat:
967 2153 1050 2219 diem
1065 2152 1220 2238 putabant

81 2259 218 2339 perimo,
237 2257 290 2340 qni
305 2258 376 2324 illos
391 2258 610 2325 sinetiaoinore
623 2276 698 2324 casu
714 2258 818 2341 aliquo
835 2257 1062 2323 interueniente
1076 2255 1218 2341 fugisset.

84 2376 166 2443 quos
203 2360 310 2427 brnen
346 2359 548 2427 beatissimus
583 2361 714 2428 antistes
747 2378 928 2425 sermonum
961 2378 1089 2425 suorum
1122 2358 1220 2424 melle

84 2463 259 2545 delinibat,
294 2468 330 2530 ut
352 2464 447 2531 effera
480 2464 574 2529 corde
605 2465 786 2530 auctoritati
810 2481 843 2529 se
860 2462 1084 2530 submitterent
1116 2482 1219 2530 secer·

52 2566 171 2632 sedetis
197 2571 229 2631 et
251 2586 355 2635 emere
384 2569 541 2634 discerent
570 2586 702 2651 quorum
733 2573 857 2649 pectora
879 2566 960 2631 odiis
982 2585 1105 2651 semper
1124 2567 1220 2633 fuisse

86 2669 238 2736 dedicata
252 2674 464 2757 cognorimus.
494 2676 617 2737 mutate
631 2674 679 2737 est
693 2690 750 2754 per
765 2670 913 2735 meritum
928 2668 1015 2735 illius
1029 2671 1220 2752 peruersitas

86 2774 257 2853 naturalis,
279 2777 355 2841 dum
377 2774 539 2840 inhonoris
561 2774 718 2840 mantibus
741 2773 829 2838 radix
851 2774 1034 2856 peregrinas
1049 2772 1133 2857 apud
1148 2772 1220 2837 illos

87 2874 267 2943 adiectionis
289 2877 449 2944 inseritur.
487 2878 556 2961 quis
577 2876 645 2943 sine
666 2877 778 2962 gandi
799 2879 928 2960 stupore
947 2876 1054 2942 eredat
1077 2874 1220 2940 dilexisse

88 2981 122 3043 et
144 2980 290 3045 timuisse
310 2980 416 3066 Rugos
439 2982 618 3063 episcopum
641 2986 672 3045 et
695 2979 886 3046 catholicum
908 2980 942 3045 et
957 2979 1144 3057 Romanum,
1166 2977 1220 3060 qui

56 3101 201 3165 raperere
230 3083 356 3168 regibus
377 3085 431 3149 uix
453 3084 647 3169 dignentur?
681 3102 754 3151 eum
784 3083 897 3167 quibus
926 3086 1032 3149 tamen
1062 3081 1221 3167 integrum

143 3372 378 3441 torrentissimus
396 3374 467 3429 corsi.
487 3372 615 3428 &bottas
718 3371 735 3425 b
757 3384 894 3425 numerare
911 3370 939 3425 Β
1041 3370 1153 3425 iillam
1175 3370 1219 3435 γ’,

92 3472 155 3530 illas
177 3476 202 3531 Τ
300 3476 422 3545 dqualli
439 3477 477 3531 Β·
495 3476 651 3531 uiuidetur
754 3475 920 3530 duirtutem
937 3475 965 3529 Β
1068 3472 1102 3528 10
1119 3472 1221 3527 suflicit

92 3576 128 3643 Β,
154 3577 334 3633 sufficeretT
429 3579 507 3634 iubat
523 3580 551 3633 Β
648 3579 680 3634 11
699 3594 790 3633 musae
807 3579 835 3632 Β
939 3578 973 3633 lt
990 3576 1096 3632 demetr
1116 3575 1155 3630 Ti

94 3681 127 3735 14
144 3682 217 3752 gotis
235 3678 350 3737 BM'V
430 3682 503 3753 rogis
524 3683 558 3738 Β
650 3683 682 3736 15
701 3680 864 3735 immanibus
883 3680 910 3735 B
997 3679 1096 3734 soeriis
1116 3680 1152 3734 V'

94 3782 126 3838 16
144 3784 293 3869 cotidianas
310 3786 338 3841 Β
432 3784 513 3857 diem]
532 3802 582 3856 que
601 3784 664 3840 add
686 3784 741 3839 Te.
755 3784 853 3840 ΒΜ
948 3782 981 3836 18
998 3781 1108 3837 antistis
1126 3781 1154 3838 Β

94 3870 127 3941 1'9
145 3884 283 3944 delinebat
300 3890 335 3957 Β,
362 3888 508 3945 deliniebat
526 3888 597 3945 Boii.
702 3886 859 3943 auctoritati
871 3876 905 3939 'se
925 3884 969 3951 P,
998 3884 1167 3940 auctoritatis
1184 3888 1220 3953 Β,

94 4010 256 4065 sumsere
273 4009 367 4067 amr
466 4008 501 4064 so
517 4010 554 4079 st]
573 4010 605 4064 ue
622 4006 694 4063 noo.
798 3972 928 4089 mesni
946 4004 974 4058 Β
1076 4005 1110 4060 ar
1129 4003 1222 4061 eruti

96 4113 164 4167 corsi.
189 4113 314 4169 &bottas
415 4110 450 4165 22
472 4111 593 4167 inonoris
613 4112 644 4178 Τ,
671 4110 700 4165 in
716 4110 812 4164 horum
827 4108 935 4164 Boron.
1037 4108 1221 4164 sarrientur

97 4212 122 4267 Τ
223 4215 270 4285 qui
292 4216 320 4273 Β
421 4214 519 4271 dixisse
540 4217 574 4271 T*
677 4214 712 4269 24
729 4229 809 4282 rugos
826 4213 861 4279 Β,
887 4226 965 4281 rogos
983 4210 1066 4269 ΜΨ
1159 4212 1222 4267 ohe·

96 4314 227 4373 tbolicum
243 4320 271 4374 Β
365 4318 399 4373 25
417 4332 522 4387 parcere
540 4317 622 4373 Sim.
716 4316 901 4387 dignabantur
919 4314 1090 4371 Sebotiasin
1100 4330 1153 4385 rag.
