2992 4967
293 331 358 399 480
489 285 493 293 Ι
650 327 766 396 Magni
783 325 910 381 Felicis
929 325 1057 381 Ennodi

294 520 361 585 sine
390 518 531 603 legitimo
559 516 671 581 herede
692 515 885 581 transirent?
918 515 1060 598 quotiens
1083 513 1182 581 futuri
1204 531 1295 580 mens
1317 517 1436 581 nescia

293 623 524 704 proximitatem
553 618 665 684 mortis
694 619 871 684 incurrerat
892 619 930 683 de
952 617 1072 700 pallore
1101 619 1285 703 progeniti?
1318 619 1436 685 editus

292 723 459 790 institutae
489 721 630 787 eruditus
657 721 698 786 ad
726 721 808 786 lanc
837 737 987 800 messem,
1009 720 1144 797 iudices,
1166 723 1272 788 ieiuna
1293 721 1437 806 pudoris

292 830 398 893 mente
422 827 579 909 peruenit,
602 844 641 891 ne
663 825 695 890 in
716 825 785 890 iure
807 841 863 890 suo
884 825 1023 907 patiatur
1045 842 1130 911 esse,
1158 829 1330 910 postquam
1356 825 1437 893 uni-

293 948 385 996 uersa
411 929 561 1016 perdidit,
592 928 771 1011 patrimonii
794 926 968 1011 largitores.
1002 929 1187 995 damnamus
1207 928 1243 994 iu
1266 928 1468 994 sceleratus

293 1035 488 1102 uoluntatem
509 1033 742 1117 turpissimam:
766 1049 841 1098 nam
859 1031 1015 1117 contingit
1036 1031 1180 1112 forsitan,
1203 1035 1240 1098 ut
1253 1035 1294 1096 ad
1309 1033 1435 1115 probos

292 1139 434 1204 dominos
470 1139 611 1221 priorum
646 1138 773 1202 tuorum
807 1153 878 1202 ossa
908 1135 1057 1202 beneficio
1088 1137 1231 1202 leniatis
1265 1134 1432 1201 emiseris

293 1241 467 1306 communis
489 1243 536 1305 est
557 1239 712 1304 uniuersis
734 1237 951 1304 defunctorum
973 1240 1149 1306 reuerentia
1165 1239 1197 1304 et
1211 1238 1297 1304 circa
1310 1238 1433 1323 religi-

292 1363 383 1410 onem
405 1345 488 1409 sorte
510 1343 624 1409 ultima
646 1343 843 1407 conditorum
871 1339 999 1428 dignam
1019 1344 1122 1429 poscit
1144 1341 1330 1408 humanitas
1355 1343 1433 1408 uui·

292 1465 383 1513 nerea
411 1447 584 1512 culturam:
618 1445 820 1511 excellentius
848 1447 954 1510 tamen
983 1446 1152 1513 maioribus
1176 1447 1291 1512 nostris
1314 1445 1463 1510 debitae

293 1567 436 1632 suprema
451 1550 630 1629 redduntur,
654 1567 731 1633 quos
745 1549 792 1613 ite
807 1547 866 1614 sibi
881 1549 1038 1615 ueneratio
1053 1549 1198 1634 proponit
1213 1551 1288 1614 ante
1304 1549 1429 1624 oculos,

293 1656 330 1718 nt
350 1653 399 1718 dis
425 1655 588 1719 credamus
616 1651 808 1732 exhibitum,
837 1654 870 1719 in
898 1651 1009 1735 quibus
1033 1652 1249 1718 damnatorum
1272 1651 1430 1716 mandata

292 1758 491 1842 peraguntur.
526 1775 684 1822 scmamus
714 1757 856 1821 uniuersa
878 1773 957 1838 quaa
978 1755 1143 1833 iusserint,
1173 1772 1234 1820 non
1258 1755 1428 1820 eredentes

292 1860 408 1942 inpune
426 1861 613 1944 contingere,
637 1861 718 1943 qnod
734 1861 772 1925 de
788 1877 894 1925 eorum
910 1859 1005 1926 fuerit
1018 1861 1236 1943 praeceptione
1252 1857 1428 1924 uiolatum.

293 1979 354 2027 non
378 1962 502 2027 inuenio
525 1981 641 2027 nouum
663 1961 810 2028 facinoris
832 1980 929 2046 genus
944 1981 1006 2046 qua
1020 1963 1170 2045 explicem
1192 1963 1337 2028 nouimtc
1360 1979 1456 2026 ser-rs

292 2079 429 2129 monum.
463 2064 577 2147 quibus
599 2065 660 2131 luit
682 2065 883 2151 sacrilegium
904 2083 966 2130 non
987 2083 1105 2148 parere,
1129 2065 1221 2148 quale
1239 2071 1289 2129 est
1313 2081 1425 2128 eorum

293 2186 437 2251 suprema
459 2169 618 2236 domicilia
635 2185 690 2253 pro
707 2166 837 2234 ludicris
860 2169 1060 2234 uendidisse?
1081 2168 1207 2251 credite,
1231 2167 1425 2251 cognitores,

293 2273 376 2338 stare
405 2275 478 2338 ante
505 2272 609 2338 oculos
636 2273 758 2338 nestros
786 2273 835 2336 tot
856 2271 948 2337 istius
970 2273 1077 2336 atauus
1099 2271 1255 2336 uindictae
1277 2271 1426 2353 tempora

293 2375 535 2458 praestolantes,
565 2395 697 2460 quornm
724 2373 899 2460 placatione
927 2391 1072 2439 mansura
1098 2377 1317 2457 inposterum
1340 2373 1424 2440 circa

293 2480 437 2562 parentes
459 2478 625 2565 dillgentia
645 2479 761 2561 poterit
782 2479 847 2544 sine
869 2477 940 2545 labe
961 2477 1085 2544 sanciri
1431 2499 1454 2540 rr

820 2767 889 2834 XX.

377 2955 519 3024 alcala
542 2955 589 3022 IN
611 2955 701 3022 EVM
724 2955 797 3036 QVI
819 2953 868 3022 IN
891 2954 1109 3026 LVPANARI
1132 2953 1336 3024 stadum

464 3073 468 3080 ’
634 3075 859 3142 Mlnaavaa
881 3075 1075 3142 Locrum

336 3248 463 3334 Semper
492 3250 738 3318 nenaandornm
769 3249 909 3319 iudicum
937 3247 1108 3334 amptum
1135 3248 1289 3319 credimus
1321 3248 1414 3316 luisse

294 3353 481 3418 sententiam
497 3353 535 3417 de
551 3351 730 3418 confusione
745 3351 872 3436 peccati.
892 3350 936 3416 ibi
951 3349 1128 3436 cognitoris,
1144 3369 1204 3434 qno
1219 3351 1414 3435 potissimum
1423 3369 1445 3410 ε

345 3573 416 3694 ιῖιῖ
435 3609 479 3680 Β,
510 3610 605 3666 once
706 3610 1015 3680 quotiens-progenie
1031 3625 1083 3666 oa
1102 3609 1184 3666 aare.
1284 3609 1415 3666 aruum

293 3712 320 3768 c
412 3713 593 3771 sama
684 3713 996 3785 componam
1087 3713 1349 3784 camoenae

292 3800 413 3868 contigat
429 3799 459 3854 B
561 3800 724 3858 llanitatis
748 3801 774 3855 Τ
852 3801 1074 3870 ,dralegionem
1096 3799 1125 3855 B
1229 3801 1260 3856 11
1281 3815 1413 3868 empnam

292 3885 454 3954 (amul
550 3885 737 3944 laciaPTe
832 3885 1018 3945 ldeatorral'
1110 3883 1349 3943 ltuendedlseaB

293 3971 327 4024 18
343 3971 420 4030 illius
436 3971 549 4030 carm
574 3973 600 4028 T
698 3973 835 4032 madidae
857 3973 917 4039 Ra,
944 3971 1066 4034 uindicta
1082 3975 1111 4030 at
1132 3971 1225 4038 BLV.
1251 3970 1370 4029 uindicta
1384 3975 1410 4028 at

295 4055 322 4112 1'
351 4097 356 4111 .
383 4094 387 4103 ·
422 4059 456 4114 la
470 4058 670 4128 mentulam
683 4057 714 4116 Β
786 4111 790 4117 ,
815 4059 851 4114 20
868 4059 947 4117 artri
966 4058 1002 4114 Τι

344 4157 403 4214 XX.
433 4159 534 4231 Incipit
556 4160 640 4217 dictio
663 4161 691 4217 B
794 4162 829 4218 28
850 4161 962 4231 locauit]
988 4163 1175 4218 0111101οηί11
1199 4161 1313 4232 septima
1334 4163 1406 4218 tract

292 4244 357 4306 aaa.
377 4245 459 4302 sana
563 4248 598 4302 aa
614 4248 754 4317 mopiam
774 4247 801 4303 a
1484 4231 1485 4254 ¹
