2992 4967
544 328 661 384 Diotio
679 328 759 387 VIII.
1153 330 1219 401 449

87 518 176 596 perit,
199 534 276 600 quos
299 517 462 599 sequatur:
482 514 574 584 nobis
597 514 702 598 orode,
725 518 813 583 aetus
834 517 884 583 tot
904 517 1043 584 stimulis
1063 519 1217 602 peruoiat,

88 618 245 703 quodlibet
267 617 416 687 scientiae
437 616 533 685 fuerit
554 634 668 701 aequor
690 617 865 703 ingressus:
898 619 1034 687 fodietur
1055 621 1218 708 prosapiae

87 740 160 789 suae
182 721 368 793 adcantus:
391 739 445 807 por
460 720 508 785 tot
527 720 653 787 ordines
669 721 750 787 nihil
771 722 836 789 nisi
858 724 941 807 quod
962 724 1003 789 ad
1020 724 1144 793 litteras
1167 726 1217 793 in·

87 823 168 895 uitat
190 824 341 893 inueniet.
363 826 430 891 stat
452 842 522 892 eoos
544 828 618 889 ante
638 828 671 891 te
693 826 846 908 paruulus
867 828 976 894 noster
990 828 1134 897 felicibus
1157 829 1218 897 ini·

67 925 213 995 otiandus
241 926 388 1013 auspiciis
419 929 451 994 et
478 926 563 995 sieut
590 929 667 997 iusti
693 928 799 997 hostia
826 931 1025 999 deuotionem
1046 936 1218 1003 saoerdotis

87 1030 278 1113 expostulat:
294 1032 458 1117 paternam
472 1032 619 1099 conuenit
631 1052 682 1099 ors
695 1034 856 1117 pienum,
871 1035 909 1103 ut
923 1035 1063 1119 qualibet
1077 1037 1217 1113 oratione

88 1134 290 1201 constitutam
320 1134 354 1201 in
382 1134 469 1201 uitae
496 1134 609 1201 limine
631 1138 820 1204 conmendot
845 1138 1031 1215 insontium,
1062 1157 1157 1223 quam
1179 1143 1218 1207 de
1300 1217 1303 1227 Ι

86 1238 266 1321 parentibus
278 1257 340 1305 non
351 1256 492 1307 sermone
505 1238 612 1324 erigit,
625 1240 679 1307 sod
689 1240 767 1324 quid
776 1241 933 1309 desideret
943 1242 1051 1307 horror
1063 1241 1217 1309 ostendit:

87 1342 228 1427 sopimur
249 1341 416 1410 subuenire
438 1342 473 1407 in
494 1344 681 1409 necessitate
696 1342 830 1427 paruuli,
854 1363 948 1429 quam
968 1344 1100 1412 formido
1116 1344 1216 1412 mani·

55 1444 186 1513 wisstat.
231 1446 349 1529 sponde
376 1445 456 1525 tuis,
490 1446 741 1526 adulescentulo,
776 1446 870 1531 digna
900 1448 1096 1533 primordiis:
1127 1466 1217 1532 spem

86 1548 217 1615 solidum
230 1549 268 1615 de
284 1550 340 1614 tua
354 1549 547 1632 perfectione
560 1550 772 1633 oonoipimus:
788 1552 907 1619 bonum
921 1552 1084 1637 ingenium
1096 1550 1218 1618 dootori

86 1650 203 1732 optimo
233 1652 457 1735 mancipamus.
503 1652 585 1718 seori
607 1651 671 1718 iam
694 1654 873 1720 rudimenta
893 1673 1042 1720 uenerare
1071 1653 1215 1738 collegii:

87 1753 124 1818 ad
138 1755 273 1821 Latiaris
293 1758 397 1821 euriae
411 1755 579 1838 proficiunt
595 1754 706 1835 sidera,
723 1775 801 1840 quos
816 1757 905 1823 uides
919 1756 1068 1824 scintillis
1085 1756 1216 1823 modieis

87 1855 227 1924 futurum
249 1860 356 1925 lumen
377 1859 549 1925 ostendere.
580 1859 658 1925 haee
680 1859 719 1925 ed
742 1878 799 1925 uos
822 1859 938 1926 dixisse
960 1860 1114 1927 suffioiat:
1137 1859 1217 1925 mihi

57 1966 226 2027 oremsnet
248 1962 362 2029 striota
382 1962 561 2029 insinuatio.
598 1962 810 2046 propinquum
832 1964 872 2028 ad
900 1968 933 2027 te
954 1964 1217 2049 consanguineus,

88 2067 195 2131 orbum
218 2064 401 2149 parentibus
422 2066 588 2150 religiosus
611 2064 748 2131 exhibui.
788 2083 867 2148 quae
892 2084 942 2131 res
962 2066 1042 2132 mihi
1066 2066 1217 2131 affectum

87 2170 173 2250 pueri
196 2168 322 2247 dedant,
345 2170 410 2233 iam
432 2169 558 2237 tenetis.
586 2170 615 2235 si
638 2168 837 2235 neoessitudo
858 2168 1043 2252 respicitur,
1071 2168 1153 2235 liber
1174 2167 1215 2233 ab

88 2288 189 2337 amore
213 2290 278 2337 esse
299 2290 362 2337 non
377 2290 518 2355 possum:
542 2272 569 2337 si
584 2272 686 2355 pietas
701 2273 804 2338 amieo
818 2274 988 2356 proposito,
1011 2271 1114 2337 nostri
1134 2272 1217 2337 fiunt

87 2372 143 2439 filii
165 2376 221 2459 qui
243 2378 409 2461 pareutum
429 2396 558 2442 suorum
585 2375 741 2460 praesidio
767 2376 975 2442 denudantur.
1019 2393 1119 2442 unum
1141 2392 1217 2457 ergo

57 2478 246 2545 wniueulum
266 2479 355 2545 uenit
375 2496 394 2543 a
416 2481 575 2565 prosapie:
597 2479 660 2545 alio
675 2498 730 2546 nos
746 2479 896 2564 astringit
909 2478 1059 2546 officium
1087 2478 1216 2562 sospite,

87 2583 275 2649 uenerabilis
297 2584 465 2666 magister,
496 2587 544 2649 tot
572 2601 628 2666 pro
650 2584 712 2649 isto
732 2582 893 2665 supplioes
915 2600 1029 2648 manus
1051 2584 1083 2647 et
1104 2583 1139 2646 in
1160 2598 1216 2663 spe

87 2686 210 2767 paruuli
232 2688 366 2753 maiores
389 2688 455 2753 eius
477 2706 528 2753 me
550 2688 644 2770 teque
665 2686 840 2752 oonsidera
866 2703 963 2769 genus
986 2689 1035 2751 est
1057 2683 1216 2767 singulare

87 2788 187 2856 laudis
210 2791 244 2856 in
266 2791 444 2859 doctoribus
467 2790 614 2875 discipuli
635 2792 782 2858 eruditio.
816 2788 951 2857 Aemilio
972 2788 1082 2873 lingua
1099 2786 1217 2853 Chiron

87 2889 239 2959 innotuit:
262 2894 338 2959 feeit
359 2894 499 2977 sequacis
521 2894 670 2961 meritum
689 2893 867 2979 opinionem
889 2892 978 2959 illius
999 2892 1072 2976 plus
1106 2890 1217 2969 emori,

56 2997 172 3062 nonius
195 3014 250 3080 per
271 3016 306 3062 se
328 2997 408 3063 sorte
424 2997 573 3064 facundia
592 2998 626 3063 in
641 2998 744 3063 luoem
760 3014 823 3063 non
839 2995 994 3080 potursoo
1011 2993 1104 3060 exire.
1126 2992 1217 3061 Maro
1313 3088 1317 3095 Ι

136 3252 273 3323 lquodb
371 3236 684 3323 sequatureeeeignatur
704 3253 811 3307 Toorr.
916 3251 1096 3307 3oaloarebns
1109 3252 1148 3307 Β1

85 3336 187 3395 ordenis
204 3338 243 3393 ΒΙ
337 3338 500 3409 dpamolus
517 3338 546 3393 Β
635 3338 789 3393 anitiandns
807 3338 867 3393 BV
958 3338 1092 3393 'dlimeue
1109 3336 1149 3392 3¹

85 3425 221 3480 oomendet
248 3425 275 3480 Τ
383 3427 401 3480 8
426 3424 556 3481 desiderit
581 3423 609 3479 Β
720 3424 817 3478 horror
842 3424 955 3493 scripsi,
985 3439 1057 3479 error
1084 3422 1151 3478 istri

85 3508 101 3561 9
126 3510 286 3567 meaos
312 3512 340 3569 Β
458 3512 495 3566 10
520 3508 725 3565 adolisoentolae
752 3509 780 3564 Β
902 3510 936 3565 12
961 3510 1085 3567 uenerari
1112 3508 1150 3564 Β

85 3596 186 3669 eoliigii
213 3596 241 3652 Β
345 3598 378 3653 13
404 3596 536 3655 soeotillis
561 3596 589 3651 Β
690 3594 805 3651 modieis
829 3594 1007 3653 sointillisT
1111 3593 1146 3649 14
1168 3592 1218 3650 hoo

86 3681 132 3735 Po
226 3681 262 3739 ed
277 3698 325 3739 nos
343 3684 433 3749 Pro,
459 3690 522 3739 auos
540 3682 604 3749 LV,
621 3697 688 3737 auus
704 3681 732 3736 Β
829 3682 862 3739 15
878 3681 1036 3753 propinoum
1052 3679 1117 3747 BV,
1142 3680 1218 3749 prin·

86 3784 185 3853 oipium
202 3786 231 3843 Β
274 3858 276 3863 ,
316 3785 478 3859 smguiueos
496 3786 525 3841 Β
619 3786 651 3841 16
663 3785 756 3843 orbern
767 3786 852 3843 ΜΨ
935 3782 1073 3863 exiiruid'⁸
1152 3772 1218 3853 qna'

86 3868 113 3924 L
198 3872 231 3927 17
240 3873 456 3943 pueriTs'oros.
544 3876 646 3929 tenetes
657 3873 696 3928 ΒΙ
784 3873 819 3927 18
828 3870 937 3943 pposito
947 3867 1218 3937 ‹wiomarcum›

89 3987 116 4042 u
207 3992 293 4047 neon
306 3994 334 4049 n
425 3993 541 4065 preesse
554 3994 582 4051 u
676 3990 902 4049 mainerius
987 3953 1101 4058 teitu
1126 3989 1219 4044 usone

85 4072 113 4127 Β
207 4077 347 4148 prosapiae
363 4078 399 4144 Β,
427 4078 585 4149 prosapiat
681 4078 735 4135 alio
752 4094 802 4134 nos
817 4076 855 4143 Β,
881 4076 986 4130 alienos
1003 4074 1115 4139 mo,
1143 4073 1217 4130 alien

87 4157 112 4211 T
200 4165 363 4235 eonsuingit
382 4166 410 4221 Τ
499 4166 532 4220 21
553 4164 719 4221 uenerabiles
736 4165 764 4220 Β
858 4164 886 4217 et
903 4161 932 4220 Β
948 4162 1006 4217 ai
1104 4160 1140 4216 22
1157 4176 1218 4231 par·

87 4246 141 4300 noli
159 4248 187 4302 Β
289 4250 398 4306 maioris
416 4250 444 4307 Β
547 4250 681 4321 singolare
699 4250 727 4306 Β
829 4248 864 4306 23
881 4244 1039 4305 doctorebns
1055 4244 1098 4300 13¹

138 4350 188 4407 VI.
1079 4347 1114 4401 29
