2992 4967
302 338 367 404 384
683 336 798 405 Magni
815 334 943 390 Felicis
960 334 1091 390 Ennodi

304 528 382 593 culis
406 527 564 593 absolutus
587 545 647 592 non
675 526 830 592 desiderat
852 544 930 608 qnae
951 526 1034 591 inter
1056 526 1177 592 incerta
1203 528 1311 592 mundi
1334 525 1432 609 gemit

303 630 436 713 agnosci,
460 632 514 695 sed
536 630 607 695 illos
629 629 786 694 humanus
807 646 909 695 carcer
931 629 998 694 sine
1012 628 1173 694 libertatis
1195 628 1361 712 dispendio
1383 649 1434 694 re·

302 734 386 799 fudit
409 731 520 816 opifici,
545 734 619 799 dum
641 734 725 797 iuter
747 732 867 814 polluta
888 732 1032 816 gradiens
1052 731 1186 797 nitorem
1207 750 1301 797 suum
1323 732 1435 797 anima

303 838 358 901 deo
381 838 485 901 nostro
508 836 630 901 intenta
656 835 831 918 geminauit
859 835 891 899 et
917 852 974 917 per
1002 835 1222 901 mandatorum
1244 834 1434 901 amicalium

302 940 401 1005 lineas
423 940 651 1005 lenocinantem
674 940 765 1005 huius
787 937 866 1004 lucis
882 955 941 1004 nou
957 940 1055 1003 sensit
1076 956 1219 1005 errorem
1243 938 1337 1005 mois
1360 956 1463 1005 ueros

302 1041 365 1106 ista
387 1042 587 1125 reuiuiscant,
610 1041 697 1108 nobis
720 1040 881 1124 profutura
897 1042 1067 1117 seruentur,
1090 1042 1203 1124 quibus
1225 1041 1253 1105 si
1267 1041 1308 1106 ab
1326 1042 1434 1107 studio

303 1146 388 1211 deest
409 1146 521 1211 sectari
537 1145 675 1225 meliora,
697 1148 735 1211 de
750 1144 886 1224 illorum,
910 1146 965 1227 qui
978 1144 1078 1210 facem
1094 1145 1343 1210 conuersationis
1359 1162 1433 1209 suae

301 1248 490 1331 praeierunt,
514 1249 623 1314 uenire
645 1248 737 1313 debet
759 1246 908 1330 exemplo.
946 1248 980 1312 tu
1003 1250 1117 1328 autem,
1141 1246 1329 1312 uenerabilis
1352 1246 1434 1311 abba

302 1350 423 1429 Leonti,
441 1352 493 1433 qui
509 1350 542 1415 id
557 1350 636 1417 mihi
652 1350 754 1433 operis
765 1349 938 1427 iniunxisti‚
954 1349 1069 1415 adiuua
1083 1350 1222 1415 oratioue
1237 1348 1433 1415 titubantem

302 1458 333 1519 et
355 1454 531 1520 siccitatem
560 1454 628 1518 stili
650 1456 827 1518 sanctarum
858 1470 985 1536 precum
1007 1451 1107 1518 imbre
1130 1450 1305 1534 locupleta:
1335 1452 1462 1519 buoso

301 1557 398 1637 enim,
429 1565 464 1623 ut
491 1558 625 1636 confido,
655 1556 779 1621 meritis
799 1555 1001 1638 praecipuum
1024 1554 1105 1638 quod
1127 1553 1258 1637 adgredi
1284 1575 1338 1620 me
1367 1557 1431 1638 ipse

299 1660 431 1725 iussisti.
470 1678 604 1744 pronum
631 1664 678 1725 est
706 1660 868 1725 beatudini
890 1660 963 1726 tuae
989 1659 1127 1725 ieiunam
1148 1658 1364 1743 eloquentiam
1384 1658 1430 1723 fe·

300 1765 409 1829 enodis
432 1766 623 1831 innocentiae
640 1763 766 1829 ferculis
780 1763 947 1845 ampliare:
971 1764 1086 1829 dedite
1101 1761 1189 1843 mibi,
1212 1780 1268 1829 uos
1283 1762 1429 1847 respiciet

301 1868 439 1933 extortae
462 1872 517 1932 aut
540 1870 630 1951 culpa
651 1868 708 1933 aut
729 1866 840 1950 genius
861 1865 1019 1951 dictionis,
1041 1867 1128 1932 cuius
1144 1866 1204 1933 nisi
1217 1866 1430 1947 substantiam

300 1970 447 2052 religiosa
461 1971 645 2035 auctoritate
660 1970 843 2045 firmareris,
859 1968 1018 2036 uidebitur
1033 1967 1140 2036 iudicii
1160 1970 1208 2034 tui
1223 1970 1338 2035 clauda
1353 1968 1456 2035 fideso

300 2072 452 2155 delegisse
469 2073 572 2137 minus
587 2072 742 2151 idoneum,
757 2072 807 2137 cui
822 2071 991 2137 uenerandi
1006 2072 1121 2139 laboris
1135 2071 1328 2155 prouinciam
1344 2090 1428 2138 cour·

300 2175 423 2241 misisti.

341 2466 443 2551 Igitur
459 2466 543 2532 beati
554 2466 670 2533 Antoni
686 2466 867 2531 narraturus
883 2466 1019 2551 insignia
1030 2467 1167 2549 primum
1182 2453 1285 2530 sancti
1296 2466 1425 2548 spiritus

300 2570 378 2637 mihi
400 2572 545 2639 maiestas
568 2568 741 2637 inuocanda
757 2571 814 2648 ast,
839 2570 942 2652 utqui
965 2571 1056 2635 illum
1079 2572 1170 2635 rebus
1196 2568 1330 2637 diuitem
1355 2569 1427 2634 iecit

299 2691 349 2739 me
371 2675 403 2739 iu
427 2672 476 2739 his
500 2672 691 2757 explicandis
713 2691 769 2755 par
791 2671 915 2757 linguae
930 2672 1209 2739 frenamoderetur
1224 2675 1256 2738 et
1272 2672 1455 2739 labioruma

298 2779 401 2843 sordes
430 2776 604 2862 prophetici
634 2776 775 2843 carbonis
797 2776 915 2841 diluere
937 2777 1075 2841 maturet
1101 2774 1259 2856 incendio,
1293 2795 1332 2841 ne
1355 2794 1426 2842 oon-

298 2880 445 2946 scientiae
476 2880 597 2948 nebulis
627 2879 728 2945 lucem
759 2880 1002 2945 conuersationis
1025 2880 1109 2946 illius
1138 2882 1194 2945 aut
1220 2881 1424 2965 amplissimis

296 3001 465 3065 pauperem
494 2982 610 3048 seciam
638 2980 784 3047 laudibus
812 2986 867 3047 aut
901 2982 1036 3048 infantia
1069 2985 1175 3049 arente
1209 2986 1423 3050 deueuustem

297 3086 490 3151 benedicitur
518 3082 655 3150 indiuisa
683 3084 808 3149 trinitas
838 3084 915 3152 deus
943 3089 1063 3166 noster,
1095 3084 1149 3169 qui
1177 3106 1303 3153 seruum
1332 3108 1424 3153 suum

299 3187 472 3251 Antonium
487 3189 578 3252 tanta
592 3186 749 3252 uirtutum
765 3186 836 3252 dote
853 3188 1021 3255 sublimem
1037 3189 1119 3255 circa
1136 3189 1269 3256 Danubii
1285 3189 1453 3256 fluminise

296 3289 382 3372 ripas
405 3292 435 3355 in
459 3290 589 3354 ciuitate
612 3288 739 3353 Valeria
761 3289 935 3357 &sundino
965 3297 1053 3376 patre
1075 3293 1154 3358 lucis
1176 3294 1268 3359 huius
1296 3295 1422 3359 ianuam

350 3493 727 3595 reacitaretur
745 3528 773 3586 e
874 3528 1035 3598 amoreis
1057 3528 1086 3582 a
1187 3497 1310 3584 tinetas
1328 3532 1357 3586 e

296 3612 439 3683 bopiilcis
461 3612 490 3666 B
590 3612 797 3683 dgermiuauit
815 3614 851 3681 Τ,
878 3614 950 3669 idem
966 3616 1036 3671 moed
1055 3614 1184 3671 saccas
1286 3617 1420 3673 dnuiue·

297 3735 372 3786 sune
389 3732 417 3786 e
507 3732 611 3803 aupes
706 3701 805 3803 equis
823 3734 882 3802 rr,
910 3734 975 3803 quse
993 3734 1021 3788 e
1115 3736 1146 3790 11
1158 3735 1355 3804 praesume

298 3818 330 3871 13
348 3821 459 3886 respicat
476 3818 512 3873 11¹
618 3821 651 3875 14
668 3820 762 3890 genius
779 3822 811 3875 ia
828 3837 912 3891 genus
933 3823 1044 3878 Teura.
1150 3824 1183 3878 15
1199 3825 1242 3876 tui
1259 3839 1310 3878 om.
1331 3825 1358 3881 T

297 3905 330 3957 16
355 3903 484 3974 delegisse
505 3906 526 3971 (l
544 3908 625 3977 corr.)
651 3906 679 3961 Β
781 3908 946 3976 prouintiam
975 3909 1001 3963 V
1100 3909 1134 3963 le
1157 3908 1258 3978 Incipit
1280 3910 1418 3980 diremptio

297 3988 369 4043 uitae
393 3991 476 4057 (uitae
494 4004 544 4045 om.
562 3992 599 4058 Β)
623 3990 773 4047 beatissimi
797 3994 891 4047 antoni
914 3994 1028 4064 (antonii
1055 3994 1087 4060 Τ,
1113 3995 1221 4050 antoni·
1238 3996 1277 4061 L)
1300 3999 1418 4053 monachi

289 4074 406 4129 ‘BM'V
497 4079 602 4133 antonii
620 4078 702 4135 ETV
795 4082 936 4134 narraturo
955 4084 994 4147 (ro
1011 4081 1109 4135 iares.
1123 4084 1204 4146 corr.)
1227 4083 1253 4137 T
1345 4086 1419 4153 epiri·

296 4166 341 4301 {ogs
367 4164 453 4302 agelnoti
468 4164 561 4304 idirco.
666 4166 698 4221 19
723 4165 804 4222 faaoit
831 4168 857 4221 L
964 4168 997 4223 21
1024 4168 1182 4240 prophetici]
1210 4169 1302 4239 profloi
1326 4170 1355 4225 Β

348 4264 378 4302 su
410 4254 446 4302 ult
