2992 4967
24 380 27 492 l

290 318 354 387 394
646 314 759 385 lingui
776 314 905 369 Felicis
922 312 1053 369 llnnodi

290 509 395 575 currat
409 506 447 571 ad
462 505 609 589 spiritum
621 507 653 571 et
665 505 740 573 dum
751 504 951 573 labefactatio
961 506 1068 571 nesta
1077 505 1244 574 caelestem
1256 503 1412 573 hominen

290 616 322 677 et
342 611 376 677 in
399 610 507 677 diuina
531 610 697 677 locandum
720 627 791 677 aree
811 611 959 693 conponit
980 612 1020 677 ad
1041 610 1166 693 frugem
1187 608 1325 693 spiritus.
1359 608 1414 685 sic,

290 717 410 796 qnando
433 716 499 781 sine
514 714 637 779 culture
651 718 706 781 aut
727 730 827 779 messe
845 716 919 779 suut
942 729 1079 795 corpore,
1102 711 1193 779 dulce
1215 715 1272 791 est,
1296 713 1416 787 etcum

289 816 457 883 adcesserit
478 820 604 899 propter
619 818 788 899 augmenta
803 815 989 881 diminutio:
1011 816 1053 881 ad
1068 814 1199 885 diuitem
1215 813 1266 886 dei
1279 814 1415 898 grabam

289 920 473 1001 peruenitur
494 918 600 992 ieiuna
621 921 655 985 et
676 920 778 985 sterili
800 920 985 1003 paupertate
1006 919 1227 984 membrorum.
1259 935 1332 1006 ergo
1355 914 1416 981 tibi
1434 937 1446 977 r

289 1026 361 1104 post
384 1023 476 1087 deum
500 1021 642 1099 debetur,
667 1021 857 1089 inbecillitas
879 1023 1003 1101 nostra,
1025 1024 1107 1105 quod
1128 1021 1166 1088 de
1188 1040 1294 1088 rerum
1315 1019 1415 1087 subli-

289 1125 388 1193 mium
411 1124 573 1191 atlectione
596 1126 803 1191 surreximus.
833 1126 939 1191 uotiua
961 1125 1057 1190 febris
1079 1142 1168 1191 meae
1190 1123 1362 1191 necessitas
1384 1132 1417 1187 et

289 1229 410 1295 exustio
427 1229 644 1311 amplectenda
657 1228 870 1293 medullarum
886 1227 1040 1295 dederunt
1056 1228 1135 1296 mihi
1149 1228 1183 1293 et
1196 1226 1308 1298 timere
1322 1224 1417 1291 deum

289 1333 327 1398 de
349 1333 487 1399 abitione
509 1332 669 1417 sospitatis
691 1334 723 1397 et
745 1332 778 1397 in
800 1334 868 1415 ipso
890 1332 1025 1415 gaudere
1054 1333 1092 1398 de
1119 1330 1232 1397 reditu.
1277 1329 1415 1395 laetatur

288 1452 372 1499 nuno
393 1434 426 1499 in
447 1437 572 1504 auomre
594 1439 698 1501 nostro
722 1435 837 1501 mentis
860 1435 980 1501 sanitas
1006 1436 1170 1518 procurata
1198 1429 1445 1515 languoribusn

289 1537 344 1603 ubi
368 1541 416 1605 est
431 1538 576 1623 superbia
592 1537 758 1605 diuturnae
771 1538 886 1606 salutis
903 1539 1050 1623 quaesita,
1060 1538 1215 1603 ludibrio?
1236 1536 1292 1603 ubi
1305 1554 1413 1619 super·

288 1641 407 1721 cilium,
430 1660 486 1725 per
510 1642 589 1725 quod
612 1641 755 1709 diuinum
773 1661 885 1708 munus
899 1641 1045 1710 credebas
1066 1659 1134 1707 esse
1151 1660 1219 1710 rem
1233 1638 1414 1723 propriam?

287 1745 415 1827 repente
436 1743 575 1809 deseruit
597 1745 629 1810 te
652 1747 829 1811 constantia
850 1746 967 1811 roboris
982 1746 1040 1825 tui,
1063 1746 1095 1811 et
1110 1742 1316 1829 aegritudinis
1340 1744 1413 1807 sub-

287 1846 372 1911 iecta
399 1845 585 1928 ponderibus
613 1848 691 1913 elisa
718 1849 841 1916 ceruice
869 1849 1009 1915 iacuisti:
1036 1850 1201 1931 postquam
1230 1847 1315 1931 fugit
1341 1863 1413 1930 pro·

288 1949 422 2031 speritas
444 1951 510 2027 tua,
533 1968 633 2017 seram
657 1951 811 2017 meditata
832 1951 1066 2033 paenitentiam,
1090 1951 1172 2033 quod
1187 1951 1342 2027 ualueras,
1364 1948 1442 2013 deis

289 2053 386 2117 nostri
402 2051 499 2117 fuisse
515 2053 682 2136 cognoscis.
701 2056 818 2139 gratias
834 2054 903 2136 tibi,
925 2055 1004 2119 caeli
1018 2054 1197 2121 moderator
1211 2056 1243 2121 et
1260 2054 1411 2127 conditor,

287 2154 341 2237 qui
364 2155 591 2237 dispensatione
619 2158 729 2223 subtili
753 2160 787 2222 et
807 2159 936 2223 occultis
965 2159 1132 2223 miserendi
1155 2158 1321 2223 itineribus
1344 2156 1412 2221 uias

287 2261 409 2323 nostras
438 2272 470 2322 et
498 2260 535 2323 de
562 2258 738 2326 adflictione
767 2261 912 2343 conponis
939 2265 971 2325 et
1000 2262 1039 2326 ad
1067 2260 1219 2325 uirtutem
1241 2259 1412 2343 perlectam

286 2361 339 2442 pia
360 2360 547 2426 laceratione
578 2381 632 2427 nos
659 2382 792 2447 reparas.
826 2364 867 2429 nd
893 2364 1080 2429 medicinam
1107 2370 1197 2429 tuam
1219 2363 1328 2429 neuim
1350 2362 1412 2426 nisi

286 2460 432 2547 suffragio
460 2463 600 2529 uulneris
627 2482 687 2530 non
716 2467 874 2545 ualemus,
903 2484 974 2531 cum
1003 2466 1154 2532 duritiem
1177 2468 1277 2532 cordis
1301 2466 1443 2531 adsuere

286 2563 404 2631 scimus
433 2568 465 2631 to
492 2567 683 2650 percutiente
713 2570 837 2635 mollire
859 2574 892 2634 et
913 2570 1147 2655 suggestionem
1170 2575 1312 2636 terrenae
1335 2569 1411 2634 uili·

285 2667 360 2733 tutis
395 2668 493 2735 nobili
525 2672 558 2735 et
590 2671 770 2737 dulcissime
807 2672 1021 2737 molestiarum
1058 2679 1235 2737 nostrarum
1269 2672 1412 2754 passione

286 2772 487 2853 conprimere.

328 2872 404 2940 Ecce
428 2894 484 2960 ego
505 2877 576 2954 ille,
606 2878 659 2960 qui
686 2878 718 2942 in
747 2881 875 2961 longum
905 2879 998 2944 ducta
1025 2880 1103 2945 mibi
1131 2879 1298 2945 alacritate
1319 2878 1411 2961 plen·

285 2976 412 3063 dabam,
440 2997 501 3061 qua
528 2983 603 3046 dum
630 2982 751 3063 perpeti
779 2982 913 3059 fruerer,
949 2982 1037 3065 quasi
1065 2983 1155 3049 nulla
1181 2982 1442 3047 intermissiones

284 3080 474 3161 solueretur,
521 3082 709 3165 quaerebam
753 3084 887 3167 qualiter
929 3086 1049 3167 peccati
1090 3086 1281 3169 stipendium
1326 3102 1411 3151 mors

283 3182 413 3249 ueniret.
467 3203 540 3250 narn
584 3185 725 3251 eleustus
769 3187 887 3251 insanis
924 3186 1117 3253 successibus
1160 3192 1322 3269 poetarum
1361 3207 1411 3253 me

336 3388 349 3441 1
364 3388 410 3457 nd]
422 3386 467 3441 sed
479 3386 507 3441 Β
599 3388 763 3456 tconponat
775 3388 803 3442 Β
899 3387 938 3443 sio
949 3390 1056 3458 scripsi,
1075 3379 1160 3455 «11²3,
1179 3389 1202 3442 si
1214 3390 1341 3445 LPTVb

281 3472 299 3527 3
316 3472 392 3527 dulce
410 3476 453 3527 bet
474 3473 505 3538 V,
531 3473 609 3528 dulce
621 3478 649 3527 et
667 3478 691 3537 (t
702 3488 736 3526 cn
748 3489 763 3527 o
774 3475 857 3541 corr.)
875 3473 909 3539 Β,
937 3473 1013 3528 dulce
1029 3479 1100 3529 esset
1118 3475 1149 3541 Τ,
1176 3474 1280 3530 dulcem
1297 3492 1354 3531 esee
1370 3477 1409 3541 B,

281 3559 414 3615 dnleeeset
437 3558 471 3626 P,
500 3558 665 3613 dulcessitb
767 3560 784 3613 5
811 3562 982 3645 pauperetete
1008 3559 1036 3614 B
1138 3562 1155 3614 6
1178 3566 1239 3629 poet
1261 3561 1341 3616 deum
1362 3562 1409 3615 de-

281 3660 357 3717 bitur
375 3662 415 3729 B,
442 3661 552 3718 debetur
569 3666 629 3732 pest
647 3662 726 3717 deum
744 3662 828 3717 MV
935 3662 1061 3717 iuotiba
1077 3661 1179 3718 sobrina
1196 3663 1224 3718 Β
1327 3664 1409 3718 San·

280 3748 421 3817 plectenda
451 3748 479 3803 Β
604 3749 621 3802 9
650 3746 799 3801 ambitione
825 3747 886 3812 Pb,
922 3747 1086 3804 habitatione
1115 3749 1143 3804 Β
1266 3750 1408 3818 propitatio

281 3867 309 3922 B
405 3868 533 3940 laetetur]
552 3834 689 3955 limenun}
707 3869 735 3923 Β
834 3870 868 3924 10
885 3868 1040 3941 langoribus
1061 3870 1088 3925 T
1184 3872 1217 3927 ll
1233 3872 1407 3941 dictumst,

280 3967 387 4025 diuinae
404 3969 487 4026 Siren
591 3973 624 4027 12
641 3972 776 4044 diuinum]
794 3975 915 4029 omnium
933 3973 1014 4029 Sim.
1120 3976 1153 4031 lo
1177 3976 1356 4047 penitentiam
1379 3978 1408 4031 Β

280 4053 365 4111 LTV
468 4058 591 4115 nolueras
618 4059 659 4125 L,
694 4059 884 4129 praeualuerae
912 4060 1038 4117 Sebotteee
1064 4062 1097 4117 is
1122 4078 1174 4133 erog.
1203 4068 1229 4116 et
1255 4060 1338 4118 Sim

282 4140 314 4193 16
336 4156 495 4211 cognoscens
518 4145 546 4199 Β
649 4146 680 4201 17
705 4146 906 4215 dispensatione
929 4149 1015 4217 (pai
1039 4148 1072 4203 ies
1089 4154 1155 4213 rae.)
1181 4148 1209 4202 Β
1310 4150 1405 4220 suptili

279 4222 306 4279 Β
407 4226 597 4283 iteneribnsB
701 4232 1021 4287 lausannensis
1125 4234 1159 4288 20
1177 4232 1292 4289 unum
1311 4233 1339 4288 Β

279 4310 455 4366 adsciscimus
473 4314 694 4383 cepereloutiente
711 4317 739 4371 Β
843 4316 874 4371 21
894 4317 1025 4372 uillitatis
1044 4318 1072 4373 Β
