2992 4967
420 331 656 403 Epistularum
676 330 765 389 liber
780 323 849 392 1111.

608 522 667 589 111.

361 639 514 697 revisum
533 640 702 698 EPISOOPO
720 639 912 699 suuonlvs

109 746 265 812 Trinitati
280 746 397 830 gratiss
419 750 474 813 deo
497 746 611 826 nostro,
627 745 680 831 qui
702 744 819 813 moen
834 764 894 829 qno
917 746 1073 831 deprimor
1087 763 1202 829 peoos·

63 852 173 915 torum
198 849 290 914 fortis
313 846 393 933 apud
415 867 447 915 se
471 848 531 914 uiri
554 849 715 917 aburiute
736 851 903 929 sustentat,
935 852 990 933 qui
1012 851 1197 917 memoriam

44 953 128 1017 emoi
159 954 195 1017 in
224 952 281 1017 illo
302 953 401 1019 saneti
429 953 562 1035 pectoris
594 952 642 1019 tni
663 953 781 1036 templo
811 970 871 1036 qno
903 954 1019 1038 gaudet
1053 952 1199 1021 Christus

63 1054 196 1121 subtilis
224 1056 391 1121 fabricator
419 1055 585 1137 interserit,
613 1059 650 1122 ut
671 1058 752 1139 qnod
780 1054 924 1139 propriae
953 1058 1197 1125 oonuorsationis

65 1160 147 1225 nubo
168 1158 292 1224 fuscani
306 1156 470 1242 splendida
485 1158 690 1225 eonscientiae
705 1160 831 1225 nemrae
845 1159 1012 1225 serenitate
1028 1162 1199 1243 detergeat.

64 1260 127 1327 ism
151 1264 230 1327 noui
245 1263 317 1344 qnia
339 1280 399 1327 non
415 1261 618 1329 ineffioaoitor
633 1262 809 1329 funduntur
831 1263 972 1329 lamenta
987 1265 1197 1343 peooantium.

66 1363 122 1429 boo
144 1365 228 1431 mihi
250 1366 389 1448 prinoipe
410 1365 478 1430 loeo
501 1367 700 1445 orationes,
730 1365 789 1431 boo
815 1365 963 1433 lacrimas
986 1366 1196 1445 eontulernnt,

36 1470 99 1531 out
121 1468 271 1533 robustus
293 1485 349 1551 pro
365 1486 415 1533 me
437 1472 577 1547 precator
598 1486 787 1553 exsurgeres,
811 1470 848 1533 ut
869 1468 1049 1537 labantibus
1075 1469 1194 1539 umeris

64 1568 197 1635 molesti
212 1572 368 1637 munitam
390 1570 504 1637 anxilio
527 1570 684 1637 dexteram
706 1571 903 1654 subrogares.
928 1591 1037 1639 nerum
1059 1574 1198 1659 estquis

66 1674 133 1741 sula
156 1673 241 1758 apud
264 1676 357 1741 deum
379 1675 554 1758 desperatio
576 1675 680 1759 perdit
703 1676 869 1742 errantem.
907 1693 976 1743 eoos
996 1678 1063 1743 iam
1084 1677 1198 1745 lolium

65 1780 212 1843 nostrum
234 1778 342 1859 spinae
365 1779 415 1843 uel
436 1779 545 1844 tributi
567 1778 683 1845 bordes
704 1778 849 1845 tritieum
870 1779 980 1847 uineas
993 1779 1194 1863 poilieentur.

65 1896 132 1963 age,
157 1882 256 1945 eleote
278 1880 336 1961 dei,
366 1900 421 1964 pro
444 1901 495 1948 me
517 1882 631 1947 humili
654 1885 735 1965 qnod
757 1884 886 1965 coepisti
909 1884 941 1949 et
963 1883 1103 1965 partibus
1132 1883 1148 1949 t
1170 1884 1178 1899 ⁴

36 1984 186 2063 sermio,
210 1984 285 2049 dum
307 2002 434 2067 prsenm
456 1984 490 2049 in
512 2003 562 2050 me
584 1984 776 2051 adsiduitate
798 1984 892 2051 diluis
908 1986 990 2067 quod
1013 2003 1069 2068 ege
1086 1986 1202 2071 oollogi

67 2084 213 2153 nbmtute
236 2088 407 2169 culparum.
435 2086 648 2169 frequentibus
677 2089 776 2155 otiam
796 2093 976 2171 susosptum
1005 2106 1098 2171 pasoe
1120 2104 1197 2156 oon·

67 2188 189 2271 boeriis,
210 2194 248 2254 ut
270 2189 426 2255 insulsum
448 2192 555 2273 peetus
576 2208 632 2257 neo
654 2190 721 2256 niis
746 2191 904 2257 uirtntmn
925 2190 1101 2259 stabilitate
1122 2193 1199 2259 sub·

69 2293 177 2359 ninum
190 2294 409 2359 admonitionis
419 2293 487 2358 sale
499 2293 662 2359 confortes.
677 2294 717 2359 ad
729 2293 877 2377 obsequia
888 2294 1085 2363 salutationis
1095 2311 1201 2363 reuer-

69 2398 116 2459 tor
139 2400 172 2463 et
195 2397 395 2481 epistularem
417 2400 629 2481 transgressus
651 2398 821 2463 terminum
836 2416 932 2462 unum
947 2398 1035 2464 nslnt
1051 2397 1199 2483 garrulus

39 2499 121 2563 osed
137 2518 196 2581 pro
219 2498 456 2564 nenessitatibus
470 2498 654 2581 inportunus
670 2500 814 2584 adiungo,
830 2502 867 2567 ut
881 2520 931 2567 me
946 2503 1012 2567 sino
1028 2503 1199 2571 cassatione

70 2601 194 2667 tantum
217 2600 304 2667 inues
326 2601 481 2687 precibus,
504 2606 657 2685 quantum
679 2602 841 2669 oonfirmus
864 2604 1018 2687 alloquiis.
1053 2606 1133 2671 nais.

598 2758 675 2823 IIII.

207 2874 417 2943 ΙΒΧΒΜΡΒΑΒ
433 2874 629 2931 EPISTVLAE
648 2876 751 2945 QVAM
768 2875 848 2932 IPSE
866 2874 1046 2933 nlcnsvls.

496 2961 630 3019 FRATRI
653 2962 779 3020 SOROR.

40 3090 63 3129 o
110 3066 266 3147 Quamuis
287 3068 470 3134 summatim
493 3068 630 3151 gratiam
653 3069 750 3152 aliqui
773 3069 905 3137 debeam
926 3068 1023 3135 stiam
1045 3068 1137 3135 malis
1158 3069 1191 3136 in

69 3170 230 3237 offertione
251 3172 432 3255 pignoribus
455 3190 513 3238 neo
534 3172 614 3239 illud
636 3172 716 3257 qnod
739 3172 920 3257 posteritati
933 3171 1084 3241 tribuitur
1098 3171 1195 3239 bene·

120 3357 191 3413 1111.
226 3357 243 3411 3
270 3373 336 3427 quo·
365 3358 394 3423 (d
414 3360 494 3425 erus.)
522 3357 550 3413 L
659 3358 796 3428 depremor
823 3358 851 3413 Β
962 3360 980 3415 5
1006 3361 1099 3415 saneto
1126 3358 1142 3413 b
1169 3362 1196 3414 et

72 3440 152 3497 Sirra
258 3450 330 3511 quoe
345 3444 373 3513 (d
390 3446 472 3513 erus.)
492 3442 518 3497 L
619 3444 635 3498 6
658 3460 770 3515 proprse
787 3444 828 3499 Βι
931 3445 947 3499 i
972 3445 1069 3500 inseati
1091 3445 1128 3498 Τί

67 3527 194 3597 detergat
212 3527 285 3583 PTb
389 3530 422 3583 10
438 3532 558 3598 peccator
578 3530 612 3585 Τί
716 3531 862 3603 emnrgeris
879 3530 917 3601 B,
944 3544 1083 3600 exurgeres
1105 3528 1131 3585 1¹

66 3613 221 3671 ditantibus
245 3614 271 3669 Β
374 3614 491 3669 humeris
515 3615 563 3671 Pi
669 3616 700 3671 11
724 3617 940 3687 subrostrani,
967 3616 1121 3686 subegeris
1140 3614 1197 3675 BL

69 3700 125 3755 PV
211 3700 242 3754 12
254 3700 399 3769 disperatio
411 3701 498 3757 BLV
586 3702 620 3757 14
636 3702 696 3772 ago]
716 3718 797 3772 perge
813 3704 878 3770 fort.
966 3703 1061 3773 ospisti
1074 3702 1132 3757 ΒΤ

69 3787 189 3855 patribus
210 3788 295 3853 Τ(ιή
305 3803 356 3857 orep.
369 3788 502 3857 partibus)
607 3790 640 3845 15
658 3805 764 3859 precum
781 3804 833 3845 om.
850 3790 879 3845 Β
981 3788 1076 3843 dielnis
1093 3789 1123 3844 Β

71 3874 102 3927 16
121 3873 274 3941 parueroi'
355 3874 398 3941 {19
417 3890 498 3931 unum
517 3890 551 3930 eor
568 3879 605 3931 nd
623 3876 648 3931 T
663 3892 697 3931 m.
710 3878 747 3937 21
783 3875 908 3943 &uelud
924 3874 1014 3945 ΒΡΙΪΙ
1098 3876 1134 3933 20
1150 3891 1197 3933 no·

68 3952 248 4031 remitembur
266 3977 303 4034 Β
341 4052 352 4076 n
402 3978 519 4047 abiungo
538 3978 565 4034 Β
662 3980 694 4034 21
714 3979 774 4034 uale
791 3994 841 4036 ooa
858 3978 1198 4052 amarissimae

69 4080 184 4151 tupiter:
204 4080 297 4150 itxpiid
320 4096 349 4135 ·1·
374 4098 435 4152 pars
452 4086 570 4153 apiarum
587 4082 705 4152 ennodij.

120 4166 188 4225 1111.
225 4166 359 4223 uererer
386 4169 478 4225 ora.b
590 4168 624 4225 25
650 4169 782 4240 quamuis]
810 4167 844 4237 of.
876 4166 988 4227 Wiener
1015 4168 1134 4227 Mica
1160 4166 1201 4225 H
1334 4121 1338 4133 ι

70 4268 97 4321 p.
115 4254 172 4309 247
276 4253 378 4323 aliquid
395 4255 422 4310 Β
526 4256 617 4325 etiam]
638 4256 665 4310 et
682 4256 710 4313 P
801 4271 804 4278 ’

1056 4358 1096 4412 ’μ
