2992 4967
283 382 322 449 16
676 378 832 433 Uictoria
860 376 1016 431 Uiteneie

281 573 394 637 merito
417 571 499 636 mele
523 570 625 651 coepit
648 570 781 634 daemon
803 566 901 633 uariis
923 568 1059 632 motibus
1080 567 1211 649 agitare.
1234 567 1281 632 Itx
1301 567 1414 632 ordine

281 675 336 740 ille
358 678 519 755 cognatus,
542 676 577 737 ut
599 676 722 757 gestum
745 671 820 751 eret,
843 670 986 753 suggerit
1007 670 1085 754 regi.
1129 670 1277 735 Decurrit
1297 670 1415 735 stetim

281 796 333 843 rex
356 777 480 841 cuidam
503 776 615 859 gentili
638 775 704 857 regi
727 776 918 857 Maurorum,
941 774 994 838 cui
1015 790 1129 838 nomen
1151 775 1256 839 ineunt
1276 772 1414 857 Cepeur,

281 880 466 964 relegandos
489 877 602 943 debere
622 877 809 942 transmitti.
829 876 1000 942 Maximam
1022 894 1095 940 ueuu
1117 876 1234 942 Christi
1255 876 1415 942 famulam

281 983 428 1050 confueue
442 984 474 1045 et
485 983 587 1047 uictus
600 982 745 1063 propriae
760 980 917 1045 uoluntati
927 978 1063 1062 dimiaitg
1077 998 1159 1061 quae
1170 998 1254 1044 nuno
1267 982 1417 1062 mpereet
1436 1000 1452 1041 e

280 1090 380 1172 uirgo,
403 1090 505 1152 muter
529 1087 701 1153 multarum
722 1085 884 1167 uirginum
906 1084 966 1168 dei,
990 1082 1080 1149 nobie
1095 1084 1192 1148 etiem
1212 1100 1415 1165 nequaquem

280 1191 398 1275 ignote.
418 1188 639 1255 Peruenientee
652 1192 759 1253 eutem
774 1188 942 1252 traduntur
956 1190 1129 1253 memorato
1139 1189 1206 1270 regi
1215 1187 1414 1265 Maurorum,

227 1293 269 1357 36
281 1296 491 1360 commanenti
514 1296 547 1359 in
562 1296 649 1376 perte
665 1292 792 1376 heremi,
816 1309 895 1374 quae
918 1290 1034 1357 dicitnr
1048 1289 1231 1373 Ceprepicti
1255 1288 1414 1353 Uidentes

279 1398 375 1481 igitur
398 1396 515 1463 (thrieti
544 1396 690 1479 discipuli
718 1395 821 1461 multa
848 1396 931 1478 apud
954 1394 1086 1477 gentiles
1112 1395 1145 1457 et
1165 1392 1288 1457 inlicite
1310 1396 1415 1457 meri·

278 1500 419 1567 liciorum
435 1501 607 1584 sacrilegia,
630 1505 796 1582 coeperunt
812 1498 1042 1581 praedicatione
1056 1501 1089 1563 et
1103 1497 1338 1561 conuersatione
1352 1514 1451 1559 enare

279 1605 319 1669 ad
341 1606 552 1687 cognitionem
580 1604 696 1669 domini
724 1603 775 1667 dei
798 1602 897 1666 noetri
926 1600 1073 1666 barbarae
1100 1599 1253 1675 inniterer
1287 1602 1323 1663 et
1350 1598 1413 1663 teli

279 1710 369 1772 modo
400 1708 560 1791 ingentem
594 1706 831 1772 multitudinem
864 1705 1031 1787 gentilium
1059 1704 1257 1769 barbarorum
1278 1700 1411 1767 Christo

278 1812 404 1877 domino
426 1811 638 1888 luorauemnt,
661 1809 717 1875 ubi
731 1810 805 1875 ente
827 1809 956 1874 anullo
978 1806 1253 1873 remeaturum
1267 1804 1412 1869 neminie

277 1914 383 1979 fueret
403 1915 574 1997 diuulgata.
620 1915 707 1979 Tunc
728 1910 842 1978 deiude
868 1914 1024 1997 cogitatur
1045 1910 1238 1993 quidforet,
1272 1912 1313 1973 ut
1333 1927 1413 1991 eger

278 2020 341 2083 iem
363 2018 467 2083 cultus
490 2022 523 2082 et
544 2018 758 2100 egraminetue
780 2034 905 2082 uomere
926 2016 1167 2100 praedicationis
1188 2012 1445 2097 eumgelicumu

226 2122 266 2186 37
277 2121 448 2202 susciperet
470 2138 575 2185 semen
592 2123 624 2184 et
645 2121 743 2185 imbre
759 2122 841 2184 eaori
862 2118 1062 2204 baptismatis
1084 2119 1247 2200 rigaretur,
1270 2116 1412 2181 Mittunt

277 2224 395 2305 legatos
423 2242 479 2305 per
510 2224 625 2288 itinera
658 2224 796 2287 dietente
827 2222 960 2302 deeerti;
992 2223 1174 2306 peruenitur
1204 2222 1334 2285 tandem
1366 2221 1409 2285 ed

277 2326 439 2392 ciuitatem
468 2326 649 2404 Romanam,
684 2330 813 2409 rogetur
848 2327 1018 2410 epiecopus,
1052 2330 1087 2390 ut
1119 2323 1340 2407 preebyterum
1374 2323 1409 2385 et

276 2430 435 2497 ministros
459 2432 595 2495 eredenti
618 2431 730 2513 populo
753 2429 934 2497 destinaret.
958 2429 1070 2512 llxplet
1091 2446 1165 2493 cunr
1184 2427 1300 2509 gaudio
1322 2428 1408 2508 quod

276 2532 439 2616 petebatur
454 2532 594 2614 pontifex
609 2534 672 2599 dei:
691 2533 881 2602 construitur
893 2535 1030 2609 ecclesie,
1042 2531 1216 2615 baptizetur
1231 2529 1443 2595 multitudo„

276 2638 410 2701 maxima
432 2638 642 2714 barbarorum,
673 2638 705 2702 et
727 2638 765 2701 de
787 2637 870 2719 lupis
891 2654 968 2720 grex
993 2634 1144 2701 fecundus
1173 2633 1408 2715 multiplicetur

275 2758 435 2824 agnorum.
458 2740 527 2805 Hoc
549 2738 705 2805 Geieerioo
729 2739 878 2805 relatione
899 2756 959 2803 ena
980 2738 1105 2803 nuntiat
1126 2736 1254 2819 Cepeur.
1278 2738 1408 2817 Deque

274 2860 308 2907 re
330 2860 459 2927 surgens
481 2842 514 2906 in
537 2842 656 2908 inuidia
689 2842 777 2907 iubet
808 2842 942 2907 femuloe
971 2842 1020 2907 dei
1049 2840 1157 2923 ligatis
1178 2840 1309 2922 pedibus
1330 2845 1405 2919 post

275 2947 362 3027 terge
385 2943 586 3009 currentium
619 2944 839 3027 quadrigarum
873 2945 957 3015 inter
989 2943 1117 3027 spinosa
1147 2944 1217 3009 loce
1245 2941 1404 3006 eiluerum

327 3182 497 3238 lmontibue
515 3182 574 3238 1⁷0¹
677 3185 724 3253 Ex]
744 3184 815 3252 qnod
828 3200 859 3237 ex
877 3184 927 3237 (ιδ’
1030 3182 1120 3250 dregi
1135 3187 1197 3250 poet
1209 3182 1308 3251 gentili
1327 3181 1403 3236 dcent

274 3272 306 3325 ier
331 3271 377 3325 Pb
480 3272 538 3323 eret
563 3288 582 3323 a
684 3285 792 3339 capeum
818 3268 874 3324 PR
981 3267 999 3322 4
1025 3266 1179 3336 religandos
1209 3267 1332 3322 WPt¹R

274 3357 382 3412 deberet
399 3356 447 3412 Po
549 3356 722 3411 maximinum
741 3356 780 3410 Ρ·
815 3354 1084 3409 maxima...famule
1101 3354 1129 3407 Β
1231 3355 1303 3423 uero]
1326 3370 1404 3408 neur-

273 3446 360 3515 quep
462 3446 478 3499 5
502 3444 609 3512 proprie
626 3444 768 3497 uoluntate
792 3444 809 3513 β
912 3444 928 3495 6
951 3442 1028 3510 uirgo
1053 3456 1102 3495 ore„
1128 3442 1187 3496 Ρὺι
1289 3441 1307 3494 8
1330 3456 1403 3495 ωηι-

272 3528 401 3584 menente'
423 3529 496 3584 P¹R
607 3532 759 3597 cuprepictn
786 3530 804 3598 β
924 3528 942 3581 9
967 3528 1084 3581 multem
1110 3526 1184 3581 ΒΨ
1294 3531 1322 3579 et
1348 3544 1401 3581 oea

273 3616 366 3672 Pd¹R
469 3617 499 3669 ll
529 3615 647 3668 inuitare
674 3616 801 3669 berbaroe
825 3632 845 3668 a
956 3616 989 3669 12
1016 3614 1192 3668 barbarorum
1217 3630 1268 3667 ore
1295 3613 1334 3667 Μ

273 3704 306 3757 13
324 3706 404 3757 eutee
421 3702 497 3756 nulle
514 3701 576 3756 ML
602 3704 680 3755 antee
696 3718 713 3754 e
731 3702 805 3755 nullo
821 3702 973 3758 Wan¹R
1078 3702 1111 3755 14
1128 3698 1273 3769 dcuulgete
1293 3701 1332 3755 W

273 3790 306 3843 18
323 3788 360 3856 et]
380 3804 410 3841 ao
428 3804 446 3841 a
550 3787 583 3842 19
607 3784 754 3841 distineret
771 3787 856 3842 BVG
955 3788 1045 3857 explet
1061 3804 1122 3842 cunr
1139 3784 1236 3841 e’Lt¹=
1262 3786 1397 3855 expletum

272 3872 434 3929 BVOe¹PR
461 3874 579 3941 expletur
594 3868 648 3930 W‘
657 3874 790 3941 expletum
808 3876 851 3927 eet
867 3890 929 3929 cum
946 3876 998 3929 (ιδ’
1021 3874 1191 3944 expleuitque
1204 3873 1244 3927 df
1331 3890 1398 3943 geu-

272 3960 319 4014 diu
346 3961 373 4015 P
475 3961 522 4015 uo:
534 3960 664 4031 pontifex]
691 3959 829 4016 ordinatur
854 3962 974 4031 pontifex
1000 3962 1053 4016 αὑ*
1086 3964 1169 4031 uulgo
1190 3965 1255 4029 poet
1281 3958 1398 4029 pontifex

270 4047 495 4116 interpunpitem
513 4048 561 4102 eod
578 4048 613 4115 cf.
626 4048 679 4111 111,
693 4048 727 4102 54
745 4054 772 4101 et
790 4048 880 4101 leae.
893 4046 938 4102 ΙΙΙ
955 4048 1015 4101 ‘dei'
1102 4047 1278 4101 constituitur
1294 4044 1333 4101 W

272 4132 423 4201 beptiaatur
454 4134 535 4187 eimul
566 4136 608 4205 αβ
648 4133 720 4202 bapt.
752 4128 900 4188 multitudo
930 4134 1012 4187 eimnl
1043 4135 1079 4190 W
1197 4134 1231 4187 22
1259 4134 1397 4187 renuntiat

272 4221 312 4287 αβ
414 4234 493 4288 cepeu
511 4220 583 4275 ΒΨ
614 4220 688 4288 capto
705 4220 734 4273 P
757 4235 836 4289 oapee
853 4220 888 4275 R·
982 4222 1017 4275 23
1034 4222 1063 4274 in
1081 4220 1185 4275 inuidia
1202 4220 1269 4274 od’:
1295 4218 1394 4273 mardie

271 4306 329 4360 rell.
436 4309 560 4375 posterga
583 4306 706 4361 WOMP
806 4308 841 4361 24
858 4309 1002 4362 curretiam
1026 4308 1065 4362 W
