2992 4967
283 342 346 409 398
647 337 761 406 Magni
777 331 906 391 Felicio
923 334 1055 391 Itunodi

286 528 486 614 quiescimus,
502 524 622 591 euobis
636 527 798 606 tomqnom
809 523 874 588 sint
884 523 954 587 orto
964 526 1180 603 monstrentur,
1194 525 1231 591 ot
1240 525 1322 591 nelle
1331 531 1421 593 rootn

285 636 318 699 et
338 632 484 715 periloers
503 630 570 715 ipse
584 628 694 715 (dum)
710 628 860 711 suggerit,
881 630 988 692 temen
1004 643 1061 691 eeu
1076 642 1133 708 pro
1146 627 1253 693 nostru
1266 628 1421 695 obnoxius

285 736 450 802 deuotione
472 734 528 797 dot
549 732 732 816 proemium.
761 728 890 814 promisi
908 730 1017 806 otium,
1040 728 1224 799 donnons
1244 730 1345 799 studii
1365 752 1422 799 une

283 858 341 921 per
360 836 498 919 grutiom
517 852 608 901 suurn
624 834 753 900 donaret
774 832 954 911 assuetudo
975 848 1073 898 mauu
1090 831 1217 913 ungnes
1230 850 1320 901 meus
1341 853 1421 901 oon·

283 942 376 1006 fessio
398 939 461 1005 ists
483 938 672 1022 prooederet
694 939 733 1003 do
753 934 936 1001 muneribus
957 934 1061 1017 ipsius>
1068 935 1221 1018 ingenioli
1235 938 1298 1003 mei
1312 938 1456 1005 sidems

284 1044 408 1127 adipem
430 1043 566 1119 litarem,
588 1044 625 1107 nt
645 1054 817 1122 numpnnm
838 1036 908 1103 stili
930 1056 1005 1105 euro
1018 1038 1057 1103 de
1077 1039 1287 1105 soeoulnrium
1308 1059 1421 1107 rerum

282 1150 416 1212 montosa
430 1145 608 1211 exsontione
623 1144 804 1221 lassaretur,
826 1143 961 1225 reliquos
975 1143 1072 1209 edom
1087 1141 1203 1227 quom
1218 1143 1420 1229 suggillatur

284 1250 447 1317 foeditates
463 1251 639 1325 abnuerem,
662 1245 690 1311 si
705 1248 813 1311 tumen
827 1245 905 1329 ipse,
927 1246 1009 1327 quod
1022 1245 1108 1329 loqui
1130 1244 1307 1329 inspirsuit
1330 1247 1419 1313 uelle

284 1372 335 1419 me
369 1353 474 1420 isoiet
511 1350 685 1435 suppliesni
715 1350 751 1413 ut
778 1347 899 1414 simet
925 1350 1037 1415 inme
1067 1347 1225 1415 beuefioiis
1257 1350 1323 1417 suis
1355 1368 1419 1416 neo

285 1459 439 1523 auerteret
461 1474 495 1521 se
519 1457 558 1521 ab
580 1472 631 1531 so,
659 1470 753 1537 ¹eumn
781 1450 909 1536 genuini
930 1452 1080 1536 praesidii
1100 1454 1204 1519 tutelo
1223 1453 1455 1519 destitutum»

284 1559 415 1625 lenisset
435 1558 677 1625 miserioorditor
700 1559 732 1623 et
761 1556 837 1635 illis,
866 1557 920 1640 qni
949 1558 1115 1638 parentum
1136 1554 1335 1623 mouentur
1356 1558 1417 1623 ‹lo-

284 1660 433 1742 fensioue,
455 1659 674 1745 praetulisset:
698 1662 730 1725 et
743 1665 781 1726 ut
795 1660 873 1726 huso
886 1659 1102 1725 tribuerentur
1116 1674 1178 1723 nou
1200 1660 1303 1724 uioern
1323 1660 1417 1725 inno-

284 1766 403 1830 oentioe
424 1780 513 1829 mooe
534 1762 686 1841 reddidit,
709 1762 764 1828 sed
785 1766 939 1844 quantum
960 1763 1079 1846 gratioe
1100 1762 1167 1828 eius
1189 1762 1316 1827 deberet
1337 1763 1416 1830 felix

278 1872 316 1933 ‘et
338 1865 478 1932 eruditus
505 1870 665 1949 petentur,
699 1864 846 1931 ostendit.
885 1866 1008 1931 nemsi
1029 1864 1109 1931 resti
1130 1864 1321 1946 eumedium,
1343 1866 1415 1949 pie·

283 1973 382 2035 tatem
412 1973 552 2050 secutus,
588 1986 647 2036 non
676 1968 835 2051 linqueret
860 1971 893 2035 et
919 1986 977 2033 nos
1007 1970 1137 2033 torreret
1164 1972 1201 2033 ut
1234 1967 1353 2035 arbiter
1382 1974 1450 2035 etus

284 2090 345 2139 non
367 2078 405 2138 ut
426 2074 516 2155 poter
537 2072 670 2151 feneret,
693 2090 848 2155 nusquam
864 2074 920 2138 uis
940 2072 1061 2151 solutis,
1083 2088 1239 2154 nusquam
1260 2070 1415 2139 emdendi

283 2177 388 2243 aditus
410 2176 542 2260 peteret

325 2281 410 2345 Deus
438 2298 541 2358 meus,
570 2278 742 2363 redemptio
771 2296 855 2357 mon,
889 2296 968 2361 quoe
996 2278 1075 2345 mihi
1102 2282 1269 2345 ooourrnm
1295 2278 1335 2345 do
1361 2278 1413 2343 his

283 2401 361 2466 quoe
391 2383 494 2448 feoisti
521 2400 662 2460 meeum,
693 2398 772 2464 quoe
793 2383 831 2447 de
853 2381 918 2447 illis
940 2400 1019 2465 quoe
1044 2382 1127 2465 gessi
1149 2380 1316 2447 odumsum
1337 2383 1413 2446 mo?

283 2504 360 2570 quoe
391 2488 419 2552 si
442 2486 656 2563 conferentur,
685 2486 810 2551 nullum
838 2488 963 2568 tsmpus
985 2487 1041 2551 ont
1061 2504 1119 2569 ope
1140 2486 1198 2552 tuo
1219 2488 1275 2553 ont
1295 2484 1447 2552 deltoton

282 2606 351 2655 meo
384 2592 427 2655 sit
463 2606 607 2654 unouum.
651 2588 729 2655 libet
763 2606 800 2653 er
830 2588 1003 2654 innumeris
1034 2588 1070 2653 in
1102 2608 1153 2654 mo
1178 2587 1411 2655 oonlntionibns

281 2694 345 2758 tuis
381 2710 476 2758 unum
514 2690 612 2757 libere
641 2694 673 2757 et
702 2693 927 2775 praetereundo
963 2694 1092 2777 populos
1125 2691 1327 2776 largitionum
1356 2692 1411 2757 tu·

282 2814 372 2861 enum
394 2796 587 2880 singulorum
608 2797 826 2860 summotenus
846 2792 1014 2879 adtingere.
1043 2796 1182 2878 tompore
1203 2812 1264 2878 quo
1278 2794 1410 2861 Itnlinm

281 2899 497 2981 optatissimus
520 2896 704 2964 Theoderioi
725 2898 809 2979 regis
830 2898 1030 2963 resnsoitnuit
1051 2899 1225 2980 ingressus,
1245 2916 1318 2963 oum
1340 2916 1410 2963 orn-

282 3004 335 3069 nie
357 3003 396 3068 eb
425 3002 562 3067 inimiois
591 3001 656 3065 eius
683 3000 894 3082 inexplicabili
920 2999 1010 3066 olodo
1039 3001 1238 3065 minuentur
1266 3002 1297 3065 et
1325 3002 1445 3083 quodne

282 3106 460 3188 superesset
492 3102 607 3188 gladiis
641 3102 740 3167 fumos
770 3104 906 3181 nemrot,
941 3120 1012 3169 oum
1034 3102 1154 3169 oxoelm
1175 3103 1332 3169 montium
1352 3122 1407 3169 os-

334 3289 503 3357 ltnmquom
522 3304 571 3343 orn.
589 3289 617 3343 Β
704 3288 784 3343 horto
800 3289 827 3343 Β
913 3290 930 3343 2
948 3288 1131 3355 dumodds'di,
1151 3290 1280 3344 ministri
1363 3306 1407 3344 sn·

281 3375 392 3445 geritB
485 3374 664 3429 ddenotionis
677 3375 705 3429 Β
799 3375 931 3444 premium
947 3374 978 3441 V,
996 3374 1116 3430 studium
1128 3375 1176 3429 Po
1268 3374 1407 3430 luffsotni

281 3462 305 3524 b.
330 3460 456 3515 effoetum
468 3460 551 3515 ΒΝ
643 3460 684 3531 ds]
703 3459 775 3531 qued
789 3460 942 3528 (seelutldo
958 3461 1025 3527 fort.
1120 3476 1176 3515 mee
1193 3462 1220 3516 Β
1312 3462 1407 3530 opto

281 3547 382 3603 oideret
398 3546 426 3601 Β
491 3570 495 3577 ·
529 3546 681 3603 dlitterem
699 3546 727 3600 Β
828 3560 956 3615 umquem
975 3546 1003 3601 Β
1102 3562 1190 3602 eurem
1209 3548 1237 3603 Β
1334 3562 1407 3603 seon-

281 3634 379 3689 lnrinm
403 3633 431 3688 B
541 3632 556 3685 7
583 3632 750 3688 exsecutione
775 3632 833 3687 LV
934 3632 1109 3701 suggellnbsr
1133 3634 1174 3699 B,
1205 3632 1355 3702 sugillnbst
1379 3635 1406 3689 1,

283 3721 337 3777 TV
429 3717 600 3774 8doeditetis
617 3718 653 3786 Β,
680 3718 807 3773 leditntes
824 3716 910 3773 MV
1000 3719 1140 3773 sbnnerem
1158 3720 1265 3788 nospes,
1290 3718 1405 3775 abnuere

280 3824 343 3877 rore
440 3808 524 3878 ueluti
542 3808 582 3889 (οἱ
593 3824 673 3889 eon.)
692 3821 720 3876 1,
823 3821 1014 3878 iussissetis
1122 3822 1280 3879 rossum
1296 3824 1337 3879 υ

280 3908 385 3977 grooine
404 3907 432 3962 Β
534 3908 607 3977 folin]
625 3907 699 3963 flexit
716 3907 744 3963 Ia
847 3908 879 3963 15
903 3908 1034 3977 linquiret
1055 3908 1083 3963 Β
1182 3909 1291 3963 munet
1309 3910 1337 3965 Β

281 3993 313 4046 17
332 3992 439 4079 additus
465 3994 490 4047 T
578 3993 611 4047 19
623 4007 673 4061 que
685 3994 771 4063 egessi
786 3995 816 4061 T,
838 4008 907 4063 quoe
918 3993 1008 4051 iecisti
1020 3993 1066 4049 Po
1155 3995 1208 4064 me]
1225 3997 1253 4050 to
1269 3996 1336 4062 fort

280 4094 314 4149 20
330 4094 363 4165 si]
383 4096 422 4149 sie
440 4095 506 4150 ΒΨ
600 4086 747 4181 dileetio*
764 4096 790 4150 Β
892 4096 928 4151 tu
944 4096 1057 4165 populns
1074 4096 1102 4151 Β
1204 4095 1239 4150 23
1254 4094 1404 4166 adtingsrit

279 4196 307 4250 Β
410 4196 443 4251 24
469 4198 619 4253 theodorici
648 4198 674 4255 Τ
780 4201 851 4269 regis
877 4216 926 4255 om.
958 4200 984 4256 Τ
1088 4199 1403 4271 rosusoitsuidnlgrossus

279 4281 306 4335 Β
427 4283 461 4338 26
479 4284 575 4354 glndus
593 4284 631 4340 12¹
729 4285 811 4340 famis
829 4300 922 4341 nonore
938 4285 967 4340 Β
1069 4284 1201 4341 montium
1217 4284 1256 4340 Β
1359 4303 1403 4343 on-

280 4370 433 4439 storumque
450 4370 518 4424 srois
536 4370 563 4424 Β
