2992 4967
283 372 384 419 LXXII

284 544 398 607 omissa
420 540 493 605 ferri
515 540 628 623 potest.
669 539 742 625 365,
767 539 787 604 6
808 539 963 604 uitiorum
983 540 1117 620 suscipit
1141 538 1291 621 (suscepit
1312 537 1414 617 codd.)

283 646 339 728 qui
371 644 528 710 detractat
559 643 694 725 inferre:
732 642 801 707 uim
829 641 937 707 diuini
963 642 1080 707 iudicii
1102 646 1160 708 aut
1180 640 1337 707 adieram
1359 645 1414 705 616.

284 750 364 825 311,
395 747 437 813 23
468 746 547 827 pro!
580 750 735 827 qnantum
771 745 934 827 dispuidii
968 745 1007 810 de
1041 745 1269 825 pollicitatione
1300 745 1416 809 durinc

282 850 426 931 offerenti
459 869 575 914 aurum
608 848 644 912 in
672 848 726 913 boe
755 850 889 932 6666116,
919 849 950 913 si
977 849 1168 930 remittatur,
1196 846 1319 931 indicit
1354 848 1415 929 (in-

283 953 369 1036 stipet
398 954 500 1034 codd.)
538 950 589 1015 aet
625 956 782 1032 quantam
814 951 1013 1032 pauperiem,
1050 952 1081 1015 si
1116 951 1324 1032 suscipiatur,
1363 950 1414 1015 ad·

278 1059 399 1138 portat.
444 1055 518 1133 383,
545 1055 584 1120 18
610 1055 790 1119 restituitur
815 1055 1009 1137 (restituetur
1030 1056 1132 1136 codd.)
1156 1054 1282 1136 pridem
1303 1072 1416 1134 corpus

281 1160 402 1243 oripini
424 1162 452 1225 ct
474 1158 650 1223 destinatus
672 1178 694 1221 a
714 1158 839 1240 superis
863 1158 1000 1239 spiritus
1026 1157 1070 1221 ad
1087 1158 1262 1239 proprium
1281 1156 1416 1222 recurrit

285 1266 436 1345 (recurret
458 1262 544 1343 BT)
571 1265 735 1326 auctorem.
780 1261 854 1339 442,
878 1262 921 1325 20
944 1262 1110 1343 (Aeacius)
1135 1260 1191 1343 qen
1212 1259 1339 1325 erubuit

281 1370 309 1431 ot
403 1365 601 1446 triumphum
629 1384 721 1428 suurn
751 1363 935 1444 domidonii,
969 1365 1026 1445 qui
1052 1364 1130 1428 sotis
1157 1362 1317 1444 praemiis
1351 1362 1416 1426 suis

277 1487 380 1550 paene
401 1475 533 1550 tompore
549 1468 727 1548 adeptionis
746 1467 869 1531 inuidit
886 1467 1024 1548 (inuidet
1038 1468 1135 1547 add).
1172 1468 1248 1542 502,
1264 1468 1284 1531 6
1299 1466 1416 1529 idcirco

282 1573 381 1636 crein't
408 1571 622 1653 opinionibus,
651 1575 687 1634 nt
716 1570 818 1635 suboli
847 1590 948 1650 unae,
976 1566 1053 1634 dnm
1080 1570 1231 1635 cuunrbit
1252 1568 1416 1652 (occumbet

282 1672 418 1740 B²LPT
430 1677 463 1752 V,
480 1673 666 1739 occumberet
681 1673 748 1754 B¹),
764 1673 922 1753 triumphi
936 1678 1053 1739 noscat
1067 1673 1111 1737 ad
1120 1672 1275 1755 pretium.
1307 1690 1416 1755 quum·

282 1779 330 1841 uis
353 1778 427 1841 alibi
450 1777 528 1841 diem
551 1777 715 1859 particuli,
739 1796 819 1860 quae
839 1798 858 1843 6
880 1798 951 1843 cum
972 1779 1005 1843 iu
1028 1778 1086 1842 hoc
1107 1778 1256 1859 scriptore
1271 1777 1339 1842 iere
1355 1794 1414 1840 non

283 1879 388 1944 differi
411 1898 482 1944 cum
509 1881 708 1945 coniunctius
736 1880 952 1964 coniungetur,
981 1886 1088 1945 tamen
1116 1880 1263 1945 hocloco
1286 1880 1415 1945 ulterius

285 1982 421 2046 familiae
444 1982 600 2047 codicibus
623 2000 683 2048 nou
708 1982 787 2049 nihil
810 1983 1011 2049 tribuendum
1033 1983 1166 2048 uidetur.
1212 1982 1273 2047 01
1296 1982 1328 2060 4,
1356 1982 1414 2047 101

279 2086 448 2167 6166619661
469 2086 590 2151 uulnus
607 2087 786 2167 praesentit
811 2091 1004 2170 (praesentet
1026 2086 1129 2164 LPV,
1145 2104 1300 2167 praesens
1320 2090 1351 2149 ct
1374 2086 1415 2165 Β)

282 2189 409 2253 dentua
431 2192 518 2252 tactu
544 2188 660 2271 (fatum
684 2192 795 2271 codd.)
820 2192 957 2267 dextera,
980 2194 1056 2255 dum
1071 2207 1178 2255 arcum
1193 2189 1297 2273 tangit
1310 2190 1415 2271 spieu-

284 2292 374 2374 laque
407 2292 505 2356 trahit
534 2310 566 2357 se
603 2293 716 2357 uulnus
748 2293 942 2358 inflicturum
970 2312 1038 2358 esse
1066 2291 1204 2356 confidit.
1241 2295 1339 2356 sentet
1361 2308 1415 2375 pro

281 2396 375 2459 sentit
398 2396 423 2459 Β
448 2395 573 2460 exhibet
596 2394 620 2460 0
642 2395 675 2459 II
697 2396 729 2478 2,
746 2396 778 2461 5.
823 2395 847 2461 C
869 2396 902 2461 11
925 2399 977 2474 45,
997 2396 1158 2478 10166611
1172 2397 1292 2478 (iunpet
1307 2395 1411 2474 iibri),

281 2500 315 2564 in
350 2500 410 2565 huc
442 2500 525 2565 euim
560 2499 642 2564 horti
678 2500 885 2582 descriptione
915 2500 954 2563 de
983 2499 1086 2575 rebus,
1119 2518 1198 2581 quae
1220 2500 1336 2563 666661
1365 2496 1412 2561 661

282 2608 409 2686 paratae
443 2610 533 2679 sunt,
567 2605 682 2686 agitur.
734 2602 815 2668 CII
840 2601 911 2680 104,
935 2604 956 2667 3
979 2601 1118 2667 Eseuset
1143 2603 1275 2683 (eucusit
1297 2603 1340 2680 Β,
1363 2620 1413 2666 es·

285 2709 382 2773 cussit
404 2709 486 2789 rell.)
511 2707 657 2792 linquam
670 2708 784 2790 penius
805 2708 963 2789 perfectus
975 2706 1107 2787 ubiwc:
1131 2706 1220 2788 Quod
1233 2705 1304 2788 sari
1317 2704 1413 2770 nescit

283 2810 426 2892 displicet
456 2811 528 2876 inde
557 2811 664 2876 matis.
703 2812 784 2894 quod
809 2813 974 2876 Deuterius
1003 2811 1156 2893 magister
1177 2810 1288 2892 lingue
1310 2807 1413 2873 minus

284 2915 380 2992 uulsi,
409 2915 519 2979 ceteris
548 2915 721 2980 uirtutibus
750 2915 816 2978 eius
839 2916 1068 2995 compensatur.
1112 2912 1192 2979 011
1216 2912 1330 2994 1361
1361 2910 1412 2976 dle
1474 2949 1475 2962 ,

283 3017 403 3101 (66666)
434 3018 602 3098 pruinosis
635 3024 689 3099 qui
721 3016 850 3081 mandit
878 3016 1020 3099 (mandet
1043 3016 1111 3098 Bb,
1145 3016 1281 3080 mandat
1303 3014 1411 3097 Sirm.)

279 3118 431 3202 pumina
454 3120 574 3187 bustris.
612 3122 692 3203 quod
715 3120 897 3185 sirmondus
920 3122 1095 3203 proposuit,
1126 3136 1221 3185 sensu
1243 3122 1338 3184 66661
1377 3118 1412 3182 ds

281 3240 372 3306 equo,
396 3222 450 3306 qui
472 3222 505 3287 iu
527 3223 681 3304 pruinosis
704 3222 813 3287 lustris
840 3224 951 3301 alitur,
974 3225 1027 3308 egi
1048 3228 1204 3308 66161-
1217 3223 1291 3306 452,
1317 3223 1359 3287 13
1381 3225 1411 3287 iu

282 3327 419 3391 oratione
441 3328 590 3408 magistro
607 3326 748 3390 Arciotis
772 3326 869 3391 missu
890 3326 968 3392 ulios
988 3326 1038 3391 iiii
1060 3325 1206 3391 laudibus
1221 3324 1410 3391 extollendos

282 3429 388 3505 fuisse,
405 3426 518 3511 quibus
536 3431 701 3493 uerborum
717 3429 863 3510 phalerus
878 3430 1037 3494 uicturum
1052 3428 1134 3513 apud
1142 3432 1283 3511 posteros
1296 3446 1410 3494 nomeu

281 3530 438 3607 offerrent,
455 3531 608 3613 deolsrst3
625 3548 658 3595 se
673 3531 775 3613 ipsum
791 3532 969 3614 eloquentis
983 3532 1136 3615 imparem
1151 3530 1285 3613 aliisque
1300 3530 1411 3597 officiis

278 3632 418 3699 deditum
447 3633 542 3699 166116
573 3634 685 3699 debere
713 3654 818 3700 amore
846 3635 924 3703 coli:
957 3636 1035 3717 auid
1056 3635 1191 3719 eriperes
1215 3634 1361 3717 (61196116
1386 3632 1409 3697 L

276 3734 361 3813 TW,
385 3737 517 3818 asperis
539 3738 576 3819 Β,
600 3738 697 3821 eripis
713 3737 767 3823 Tu)
791 3739 924 3822 animos,
948 3758 1024 3821 quos
1045 3740 1127 3803 atta
1148 3740 1217 3801 iam
1238 3737 1300 3801 sibi
1320 3738 1409 3801 uitae

276 3838 352 3902 ordo
378 3839 585 3905 subdiderat?
618 3840 696 3923 quid
718 3842 762 3906 ad
789 3848 818 3907 te
844 3862 1006 3908 reuocares
1028 3840 1202 3927 (reboans
1224 3841 1328 3923 codd.)
1349 3858 1407 3922 per

275 3940 369 4025 torpa
397 3943 548 4008 itinerum
577 3947 755 4011 interualla
782 3947 953 4011 distantem
980 3946 1166 4011 bominem?
1198 3947 1219 4009 i.
1242 3965 1268 4010 e.
1292 3944 1409 4010 frustra

276 4044 411 4127 erigeres
435 4051 467 4111 61
489 4050 528 4113 cd
551 4051 583 4115 16
605 4068 766 4115 reuocares
790 4052 841 4116 uel
862 4051 925 4117 noli
947 4051 1067 4136 erigere
1082 4054 1137 4115 aut
1150 4052 1190 4115 ud
1205 4051 1237 4113 te
1252 4064 1405 4114 reuocare.

275 4149 348 4226 490,
371 4151 414 4217 20
436 4152 479 4215 ad
506 4152 566 4217 bas
587 4158 614 4217 te
635 4154 777 4236 equdem
807 4159 908 4232 artes,
940 4174 1012 4220 cum
1033 4155 1074 4219 ab
1102 4153 1222 4236 officio,
1256 4152 1310 4216 cui
1338 4166 1408 4215 eras

269 4270 330 4334 per
362 4258 516 4319 naturum
548 4257 716 4341 obnoxius,
752 4276 887 4323 cesares
921 4259 1067 4341 (cessaris
1099 4256 1223 4336 codd),
1261 4256 1407 4321 armasti.
