2992 4967
272 343 333 409 106
669 338 823 393 Uictoris
841 337 995 394 Uitensis

269 532 389 598 ofietu
412 532 495 611 eius,
524 531 597 612 quis
626 530 733 594 sedit
760 529 866 593 inter
891 528 1027 611 gentes
1055 532 1093 595 et
1119 531 1289 610 requiem
1317 544 1395 592 non

269 634 440 712 inuenit,
462 652 532 698 nec
554 636 615 699 est
638 633 703 716 qui
724 631 957 697 consoletur
978 648 1069 697 eam.
1100 630 1262 712 Quaesiuit
1284 647 1394 712 apar-

269 737 355 803 tibus
379 735 515 802 Orientis
538 737 603 817 qni
630 734 752 799 simul
781 734 1111 811 contristaretur,
1140 734 1180 799 et
1200 751 1272 799 rron
1294 732 1394 813 init,

270 841 309 905 et
337 839 623 916 consolantem,
651 839 690 902 et
713 855 789 901 nen
811 837 990 914 inuenit,
1023 835 1109 901 dum
1137 837 1396 904 manducaret

268 941 308 1006 in
331 958 422 1005 esce
443 960 512 1006 sua
535 940 589 1005 isi
612 941 649 1004 et
668 939 883 1004 insitisua
904 942 1117 1021 poteretur
1135 942 1263 1016 aceto,
1286 939 1431 1020 sponsis

269 1047 301 1108 et
323 1042 439 1109 domim
461 1044 512 1108 sui
532 1044 690 1127 passiones
712 1041 876 1121 imitando,
906 1043 971 1124 qui
993 1042 1147 1107 idcirco
1169 1059 1309 1123 passus
1332 1046 1397 1107 est

268 1165 340 1230 pro
362 1166 417 1227 ea,
440 1151 481 1211 ut
503 1150 697 1228 sequntur
718 1146 895 1228 uestigio
918 1146 1010 1211 eius.

217 1268 259 1335 69
313 1266 366 1349 (V,
383 1266 437 1349 20)
461 1265 677 1348 Deprecamini
701 1264 913 1347 patriarchae,
936 1265 973 1328 de
997 1280 1126 1347 quorum
1148 1264 1243 1346 stirpe
1266 1264 1395 1349 generis

268 1374 343 1437 nate
365 1372 414 1436 est
441 1390 521 1453 quae
544 1388 626 1435 nuno
648 1370 769 1435 laborat
791 1370 824 1433 in
846 1368 953 1443 terrim
983 1370 1069 1432 orate
1092 1368 1189 1433 saneti
1211 1366 1393 1451 prophetae,

269 1477 488 1560 cognoscentes
525 1472 702 1551 adflictam,
741 1490 835 1553 quam
871 1480 961 1535 entes
997 1470 1189 1535 uaticinante
1224 1470 1391 1553 praeconio
1404 1491 1428 1529 m

269 1576 439 1655 cecinistis;
463 1580 563 1641 estote
585 1576 718 1658 apostoli
739 1574 957 1658 suffragatores
981 1575 1062 1651 eius,
1090 1592 1184 1656 quam
1206 1574 1242 1637 ut
1264 1592 1393 1657 congre·

269 1680 395 1763 geretis,
418 1681 600 1744 uniuersum
623 1679 729 1743 orbem
753 1680 937 1743 ascendente
960 1678 993 1741 in
1008 1676 1097 1743 uobis
1114 1677 1238 1742 domiuo
1260 1678 1296 1740 ut
1319 1678 1393 1760 oqui

268 1782 458 1848 uelocissimi
479 1783 664 1848 cursitastis.
702 1782 870 1863 Praecipue
892 1785 936 1855 tu,
960 1782 1051 1847 Petro
1073 1780 1174 1861 beate,
1198 1798 1292 1862 quare
1314 1781 1392 1845 siles

268 1903 322 1969 pro
345 1885 456 1951 ouibus
479 1888 511 1949 et
533 1886 622 1967 agnis
646 1885 838 1950 ceommuni
860 1884 984 1951 domino
1007 1902 1119 1966 magns
1134 1881 1191 1948 tibi
1214 1884 1336 1947 cantolu
1357 1885 1392 1947 et

268 1988 478 2053 sollicitudine
494 1988 730 2053 conmendatio?
753 1988 809 2061 Tu,
829 1990 936 2050 sancte
947 1987 1052 2063 Paule,
1068 1986 1210 2069 gentium
1227 1986 1391 2067 magister,
1403 2014 1428 2052 rr

269 2091 322 2173 qui
355 2090 401 2155 ab
431 2089 680 2155 Hierusalem
718 2108 838 2170 usque
875 2090 918 2153 ed
949 2088 1163 2169 Illyricum
1199 2088 1392 2171 praedicesti

270 2192 465 2275 euangelium
487 2194 551 2273 dei,
580 2209 727 2275 cognosce
757 2192 831 2273 quid
853 2190 1010 2256 Uunudair'
1041 2190 1161 2255 faciunt
1189 2192 1330 2267 Arriani,
1359 2196 1394 2255 et

268 2296 327 2362 filii
342 2298 390 2361 tui
408 2304 537 2381 gemunt
553 2297 687 2381 lugendo
706 2296 840 2377 captiui;
859 2295 1056 2376 uniuersique
1071 2294 1272 2377 ingemescite
1287 2294 1394 2359 sancti

219 2399 260 2465 10
268 2399 365 2464 simul
387 2418 443 2483 pro
466 2399 555 2465 nobis
579 2399 719 2481 spermit.
744 2398 803 2465 Sed
826 2398 941 2463 seimus
961 2399 1036 2480 quic
1050 2397 1211 2480 indiguum
1235 2400 1285 2461 est
1299 2395 1392 2462 uobis

267 2518 322 2584 pro
337 2502 425 2567 nobis
441 2521 538 2579 orare,
560 2504 634 2584 quio
649 2504 720 2578 ista,
744 2520 822 2583 quse
837 2506 989 2566 uenerunt
1004 2500 1093 2565 nobis
1108 2502 1146 2565 ad
1161 2499 1388 2582 probationem,
1400 2525 1426 2566 r·

267 2622 328 2669 non
351 2606 504 2686 quomodo
526 2604 652 2683 sanctis,
675 2606 729 2669 ssd
752 2602 845 2668 malis
867 2605 987 2669 meritis
1014 2602 1167 2685 supplicia
1181 2602 1388 2667 debebantur.

268 2707 327 2773 sm
350 2710 380 2771 et
402 2725 457 2790 pro
472 2708 565 2772 maiis
581 2710 667 2772 orate
681 2707 744 2771 ium
759 2707 843 2783 filiis,
865 2706 938 2788 quia
960 2707 992 2771 ot
1006 2705 1149 2771 Christus
1166 2706 1270 2770 orauit
1291 2706 1390 2771 etism

266 2826 322 2893 pro
344 2810 478 2874 inimicis
500 2810 632 2875 Iudaeis.
672 2808 834 2874 Sufficiunt
866 2809 1063 2893 castigationi
1083 2826 1163 2891 quae
1185 2810 1266 2873 iuste
1288 2810 1389 2875 inluta

370 2965 383 3015 1
404 2962 500 3017 suen.
520 2964 543 3027 1,
561 2962 618 3017 aet
630 2964 655 3021 2.
743 2962 821 3019 ers.
839 2964 879 3027 os,
894 2963 1005 3017 ns-nn.
1099 2962 1219 3019 crees.
1239 2964 1264 3031 s,
1277 2964 1319 3019 ιι.

267 3048 515 3117 mmmm

319 3186 426 3256 lfletu]
446 3186 512 3240 facie
535 3186 573 3241 W
664 3188 736 3257 quia]
756 3188 803 3256 qui
821 3204 839 3241 a
941 3188 1164 3243 tconsuleturb
1261 3188 1386 3257 pertibus

272 3271 319 3326 W:
346 3273 468 3340 patribus
486 3271 545 3325 seii.
650 3274 667 3327 3
685 3272 802 3327 orientes
820 3273 848 3326 P
872 3274 1020 3328 orientibus
1039 3275 1068 3329 b¹
1170 3278 1188 3329 4
1206 3274 1387 3329 consolantem

266 3372 294 3411 se
311 3374 330 3411 a
432 3360 614 3429 5poteretur]
633 3361 793 3427 putauerunt
810 3374 852 3413 me
870 3358 898 3413 P
1000 3359 1170 3429 tipsssiones
1189 3362 1250 3428 (sic)
1268 3362 1306 3416 W
1327 3377 1387 3431 pas-

266 3442 373 3497 sioneo
485 3444 699 3514 8patriarceP
812 3446 845 3499 10
863 3461 940 3515 quem
960 3446 987 3500 b¹
1091 3448 1187 3502 anteb
1291 3450 1385 3501 ustici-

265 3527 386 3596 nsndofl
490 3529 524 3583 12
545 3546 591 3599 per
608 3530 765 3585 uniuersum
783 3532 820 3587 M
920 3534 1075 3587 ascendente
1094 3548 1143 3587 om.
1163 3532 1190 3587 P
1290 3532 1386 3603 utqui

265 3616 280 3668 b
377 3616 409 3671 13
427 3616 579 3670 cursitastis
596 3615 723 3671 s²uLbR:
751 3617 890 3671 cursitatis
905 3619 963 3674 reti.
975 3619 1042 3685 fort.
1055 3624 1127 3674 recte
1221 3618 1297 3673 beate
1314 3624 1386 3687 petre

265 3721 287 3768 φ
375 3703 408 3755 14
420 3703 554 3756 communi
566 3718 663 3773 magno
676 3702 782 3756 domiuo
794 3718 893 3772 magna
909 3704 948 3759 W
1029 3705 1061 3759 15
1073 3704 1272 3759 commendatus
1284 3704 1319 3759 Ρ·

264 3786 307 3857 tu]
326 3793 358 3842 ut
376 3789 405 3843 b'
501 3788 533 3843 16
551 3789 690 3842 ierusalem
710 3805 728 3842 a
751 3788 907 3843 ierosolimis
926 3790 962 3846 M
983 3788 1188 3846 hierosolimiss
1286 3792 1319 3847 ad
1338 3808 1385 3846 om

269 3873 345 3941 Wafi
439 3874 574 3943 ylliricum
592 3875 692 3942 BoW
712 3874 808 3944 ylirieu
822 3876 850 3931 P
872 3876 1028 3931 illiricumt
1124 3877 1156 3931 1⁷
1174 3876 1247 3947 quid]
1267 3877 1336 3947 quod
1352 3878 1389 3931 M

264 3958 361 4027 quiet
447 3960 535 4013 faciun
552 3960 586 4015 V¹
683 3961 715 4014 18
732 3962 903 4032 ingemiscite
919 3978 973 4017 usse
986 3968 1097 4032 praeter
1110 3963 1201 4019 BP¹o¹
1297 3964 1329 4016 19
1347 3966 1386 4016 est

264 4046 349 4111 emt
455 4044 491 4098 20
508 4044 585 4100 nobis
603 4051 666 4101 onte
684 4046 718 4100 ad
737 4065 786 4104 om.
806 4070 827 4113 φ
937 4048 1318 4106 21non0m.BVc¹WMs¹

264 4128 406 4184 comodoo
434 4129 511 4186 modo
529 4150 547 4186 α
650 4134 728 4188 mulis
747 4134 845 4188 montis
864 4134 890 4188 Μ
920 4137 989 4189 mals
1007 4137 1104 4190 mentis
1122 4136 1149 4191 b²
1257 4134 1384 4190 decebant

264 4216 290 4269 P
386 4199 557 4285 monimo
651 4222 742 4273 stom.
761 4220 862 4275 WMsb
959 4222 993 4276 23
1006 4222 1120 4276 inimicis
1133 4222 1189 4276 suis
1202 4222 1318 4277 iudeisa

262 4300 453 4367 castigationes
471 4302 531 4357 Ms²
634 4305 679 4373 qui
702 4306 738 4358 V¹
842 4306 926 4375 inlate
944 4305 1001 4361 Mc²
