2992 4967
480 350 715 419 Epistularum
736 349 827 405 liber
842 350 907 405 VII.
1192 352 1253 419 18?

125 558 187 605 uos
209 558 316 606 uocem
343 540 493 625 supplicis
514 542 677 624 gratanter
704 540 853 625 accipite,
880 542 918 606 nt
946 541 998 623 qni
1026 540 1110 605 tanti
1137 538 1254 605 mseenr

123 644 245 711 laboris
267 643 403 728 adripuit
425 642 623 709 conualescat
646 642 767 709 effectu.

625 830 761 897 XVIIII.

463 964 698 1020 SIMPLIOIANO
724 962 918 1022 sonuum.

98 1110 113 1151 a
172 1086 280 1153 Dinini
302 1087 416 1153 fauoris
439 1086 618 1153 adiumento
641 1086 868 1153 adulescentiae
889 1088 961 1152 tuae
982 1088 1161 1153 rudimenta
1177 1088 1250 1153 soli·

124 1191 258 1257 dentur:
287 1192 354 1275 ipse
377 1191 430 1256 det
452 1208 628 1257 successum
656 1190 800 1275 frugibus
829 1190 883 1274 qni
910 1191 1043 1256 contulit
1069 1191 1252 1255 ornamenta

123 1292 302 1377 principiis,
323 1296 360 1357 nt
383 1292 464 1376 quod
479 1292 513 1357 iu
535 1310 611 1358 cano
628 1292 702 1357 flore
717 1292 908 1376 praemisisti
922 1292 956 1357 in
969 1310 1132 1376 pomomm
1145 1292 1251 1357 matu-

123 1398 224 1462 ritate
244 1415 306 1464 non
328 1397 501 1463 subtrahas.
524 1399 571 1462 est
591 1396 741 1481 propositi
764 1394 864 1463 nostri
886 1396 989 1480 prima
1005 1396 1131 1475 curatio,
1156 1398 1190 1459 ut
1213 1395 1251 1460 de

123 1498 310 1583 incipientis
337 1499 427 1566 laude
450 1498 578 1566 solliciti
602 1499 641 1565 ad
664 1499 758 1565 deum
784 1502 860 1564 nota
889 1500 1069 1578 mittamus,
1098 1503 1251 1582 quatenus

87 1604 210 1685 roqnod
232 1602 266 1667 in
286 1602 385 1669 bonae
407 1603 522 1670 indolis
546 1604 719 1669 eruditione
741 1605 975 1687 praesumptum
992 1602 1040 1667 est
1061 1602 1098 1667 de
1118 1621 1251 1687 superna

125 1723 186 1788 ope
209 1708 405 1772 maturescat.
440 1706 493 1771 ille
515 1706 635 1791 ingenii
656 1709 793 1790 segetem
815 1706 965 1789 perducat
987 1708 1024 1771 ad
1047 1704 1173 1790 horrea,
1197 1707 1250 1789 qni

124 1806 270 1873 altricem
297 1808 459 1874 hominum
486 1808 617 1875 herbam
639 1811 739 1894 exegit
762 1829 779 1874 e
805 1809 936 1892 cespite:
965 1810 1030 1891 ipse
1061 1808 1099 1873 de
1128 1811 1249 1874 terreno

123 1912 209 1975 lacta
233 1928 407 1995 expressam
430 1913 463 1978 in
485 1914 624 1979 triticum
648 1914 762 1979 formet
785 1912 936 1997 effigiem,
960 1913 1047 1977 cuins
1069 1910 1167 1976 imbre
1190 1910 1248 1976 soli

125 2013 225 2080 iacies
253 2016 404 2081 maritata
425 2015 617 2082 fecundatur.
651 2015 711 2082 tibi
733 2018 856 2099 autem,
885 2016 1005 2081 erudite
1027 2034 1119 2097 puer,
1146 2011 1245 2078 habeo

90 2117 262 2200 regratias,
289 2120 369 2201 qnod
392 2120 536 2201 quamuis
559 2119 681 2185 dicendi
708 2120 870 2202 splendore
898 2118 1047 2183 nituisses
1076 2118 1108 2183 et
1136 2116 1246 2182 inille

124 2219 206 2285 urbe
227 2219 404 2285 litterarum
427 2222 556 2287 scientia
578 2222 790 2305 adstipulante
805 2221 952 2301 lauderis,
976 2222 1037 2286 mei
1053 2237 1172 2305 quoqne
1194 2224 1246 2286 do·

124 2321 246 2387 sideros
268 2323 449 2389 adiumenta
469 2324 634 2407 praeconii.
679 2324 810 2391 accessit
831 2324 890 2391 tibi
920 2324 1039 2389 fructus
1070 2323 1248 2408 diligentiae

124 2442 230 2507 meae,
258 2425 317 2490 etsi
340 2427 426 2492 nulla
448 2426 631 2493 tribuuntur
654 2426 833 2492 rusticantis
862 2430 1044 2493 ornamenta
1065 2424 1248 2491 testimonii.

124 2527 227 2592 libens
249 2529 409 2593 dictatus
431 2548 503 2596 cnm
525 2529 759 2596 facundissimis
781 2528 932 2613 praedico,
957 2549 1028 2594 oum
1043 2530 1156 2615 quibus
1178 2548 1248 2594 sen·

90 2629 260 2695 solentiam
283 2650 396 2709 meam,
418 2633 453 2697 ut
471 2633 622 2698 bonorum
641 2632 793 2699 ditescam
809 2634 968 2709 societate,
992 2634 1154 2716 coniunge.
1178 2650 1249 2716 pro·

125 2732 247 2797 ximum
265 2733 322 2817 ost,
338 2738 374 2799 ut
388 2752 448 2800 non
462 2734 642 2802 diuidentur
657 2736 779 2802 meritis
796 2737 849 2819 qui
864 2736 896 2801 iu
911 2735 1051 2820 qualibet
1066 2734 1249 2801 indicatione

126 2834 344 2900 consentiunt:
368 2854 448 2902 unus
472 2842 527 2916 est,
550 2855 608 2902 nec
631 2839 714 2904 enlm
736 2840 846 2922 procul
867 2842 1018 2923 euagatur
1040 2841 1079 2905 ab
1101 2856 1172 2903 arce
1194 2856 1246 2902 su·

125 2936 287 3017 bliminm,
317 2940 370 3022 qui
392 2941 431 3005 ad
454 2939 527 3023 hoc,
551 2940 631 3024 quod
652 2940 702 3007 illi
724 2942 945 3025 pronuntiant,
971 2959 1033 3006 non
1055 2938 1171 3026 dispari
1193 2940 1249 3005 ad·

126 3040 295 3107 miratione
329 3045 501 3110 concordat.
546 3044 586 3109 ad
618 3047 768 3129 epistolae
797 3046 869 3112 tuae
902 3047 1010 3110 tamen
1043 3042 1248 3128 dictionisque

92 3144 223 3209 amella
250 3164 299 3210 me
328 3146 440 3213 refero:
476 3146 526 3211 cni
555 3148 600 3212 sic
622 3150 669 3212 est
697 3148 810 3214 blanda
838 3148 876 3213 do
903 3149 1059 3229 praesenti
1088 3150 1120 3212 et
1141 3148 1248 3212 tenero

126 3247 232 3313 aetate
253 3248 416 3333 praefatio,
438 3253 475 3313 ut
495 3268 555 3315 non
571 3249 776 3316 subtrahatur
791 3252 892 3316 uirtus
907 3250 940 3316 et
953 3250 1063 3333 genius
1078 3252 1117 3315 do
1131 3248 1247 3315 lutura.

125 3350 269 3415 constitit
297 3353 474 3418 concauatIs
494 3351 630 3419 Latiaris
651 3352 803 3433 elocutio,
834 3354 909 3419 dnm
931 3372 986 3436 per
1007 3353 1131 3419 alueum
1157 3370 1249 3416 snum

177 3552 195 3607 2
211 3553 334 3623 adripnet
350 3554 377 3610 Β
479 3557 644 3612 consuliscot
660 3556 699 3611 [ι’
716 3562 747 3612 ut
765 3556 879 3613 uidam

177 3654 296 3713 XVIIII.
313 3656 331 3711 4
342 3656 475 3727 slmplicio
487 3659 538 3723 Bb,
552 3658 588 3726 cs.
600 3659 692 3729 Epist.
707 3659 754 3714 VI
757 3662 791 3715 15
875 3660 892 3714 5
904 3658 1098 3714 adolescentiae
1111 3656 1181 3713 Bru

125 3744 142 3798 6
160 3743 218 3813 ipso
235 3743 263 3798 L
348 3743 550 3814 miragibnsB
634 3744 790 3815 dqnatinns
800 3744 855 3800 ΒΤ
939 3745 970 3799 11
983 3742 1141 3799 maturiscet
1154 3743 1181 3796 Β

125 3827 237 3898 segitem
260 3829 289 3883 B
390 3830 518 3899 perducat
535 3828 569 3885 od
586 3829 681 3885 horrea
698 3830 726 3884 Β
742 3831 775 3883 ia
790 3845 845 3885 rae.
959 3826 993 3882 12
1011 3828 1096 3898 exigit
1112 3829 1177 3896 fort.

124 3912 221 3983 cispite
230 3911 258 3968 Β
343 3915 375 3971 13
387 3930 552 3985 expraessam
565 3915 593 3971 Β
679 3915 712 3970 14
724 3916 882 3971 lecondatnr
896 3914 931 3969 Τ·
1016 3914 1049 3969 16
1061 3914 1141 3969 urbae
1152 3914 1180 3968 Β

126 3999 158 4053 11
177 4000 292 4055 adcessit
309 4000 337 4055 Β
439 3998 544 4056 fructum
562 4000 615 4055 tibi
637 4002 662 4056 T
763 4002 798 4057 18
818 4002 846 4055 in
863 4000 958 4056 illol'
1056 4000 1092 4055 10
1107 4000 1246 4069 bonorum]

125 4084 261 4140 mierum
282 4086 309 4139 Τ
408 4086 533 4141 ᾶὶιὶιοιιιι
551 4086 579 4141 Β
682 4088 717 4141 22
733 4088 813 4157 nnus]
831 4086 962 4141 secundus
978 4086 1058 4153 sort,
1081 4087 1117 4154 es.
1139 4086 1248 4141 Wiener

126 4170 244 4227 &udien
261 4170 370 4228 11256
461 4174 589 4243 epagatus
607 4172 688 4233 Sim.
784 4172 819 4227 25
836 4171 959 4227 blandito
975 4171 1042 4238 sort.
1135 4170 1170 4226 21
1187 4186 1248 4226 con·

126 4258 239 4327 cenans]
257 4258 458 4313 conenmatibns
475 4258 511 4326 Β,
537 4259 738 4315 contumacibus
757 4259 774 4314 t
867 4258 993 4328 Latium
1011 4257 1111 4313 lamnis
1129 4258 1157 4313 Τ
