2992 4967
317 360 360 427 44
723 356 874 413 Uiotoris
894 356 1050 413 Uitruuia

326 546 409 625 eine,
435 546 543 613 statim
571 564 680 615 oaeous
709 548 813 617 uisum
840 545 964 613 domino
996 546 1145 614 reddente
1174 548 1301 629 reeepit
1342 545 1428 627 Quen

326 668 440 729 seeum,
463 669 621 733 quousque
637 650 776 718 uniuersi
792 650 1031 733 baptizarentur,
1047 648 1093 717 ibi
1106 649 1243 717 detinuit
1257 650 1298 714 ob
1315 648 1378 725 hoe,
1398 668 1430 712 ne

326 756 413 819 tanto
428 753 578 819 miraoulo
593 756 724 839 populns
740 754 888 820 eroitatue
902 755 1005 819 nirunn
1020 754 1202 831 contereret,
1216 753 1274 837 qui
1288 753 1433 833 raoeperat

276 855 315 923 51
325 856 441 923 lumen.
479 857 531 923 Fit
559 860 664 940 postea
691 857 893 925 manifestum
923 854 1070 923 ecelesiae
1092 858 1266 923 uniuersae
1302 853 1432 920 Procedit

325 961 364 1025 ad
387 958 485 1024 altere
507 978 578 1025 oum
600 958 753 1044 llugonio,
783 958 865 1025 sieut
892 957 988 1024 morie
1017 962 1079 1039 eet,
1114 960 1168 1043 qui
1195 959 1301 1034 luent
1326 974 1433 1031 ereans,
1448 969 1471 1018 s}

326 1079 397 1127 suae
425 1062 535 1127 salutis
566 1062 754 1129 oblationem
786 1061 910 1128 domino
938 1060 1131 1138 redditurum
1159 1081 1257 1145 quam
1285 1060 1434 1143 episeopus

326 1164 477 1247 arripiens
507 1164 599 1231 altari
625 1166 784 1247 imposuit
820 1164 872 1230 Fit
898 1164 1050 1247 strepitus
1077 1162 1191 1247 gaudio
1224 1165 1366 1229 metante
1392 1163 1434 1225 in·

325 1269 509 1335 reuooabilis
537 1270 728 1351 populorum.
767 1268 881 1335 Statim
912 1268 1043 1335 nuntius
1065 1269 1169 1353 pergit
1189 1269 1229 1333 ad
1253 1270 1434 1349 tyrannnm3

325 1372 446 1454 rapitur
467 1371 569 1449 Felix,
602 1371 772 1454 inquiritur
793 1372 831 1437 ab
854 1390 890 1437 oo
912 1370 986 1454 quid
1019 1370 1137 1437 laetum
1171 1371 1213 1435 sit
1248 1368 1434 1452 qualiterque

324 1473 472 1556 receperit
500 1473 612 1538 lumen.
648 1472 734 1539 Dioit
761 1474 809 1539 illi
830 1491 866 1537 ex
888 1473 994 1540 ordine
1022 1475 1123 1539 totum
1144 1473 1320 1555 dieuntque
1340 1469 1456 1535 Arria-u

324 1592 432 1641 norum
461 1574 610 1657 episcopi:
648 1570 716 1643 ‘hoo
737 1576 894 1661 Eugenins
921 1596 977 1660 per
998 1575 1152 1643 malelieia
1172 1574 1269 1641 leoit'.
1309 1572 1352 1636 lit
1372 1571 1435 1653 quia

325 1677 463 1762 oppressi
492 1679 668 1745 conluuione
697 1681 802 1746 lumen
829 1696 891 1744 non
925 1682 1068 1761 poterant
1100 1677 1259 1758 nubilare,
1295 1693 1331 1741 eo
1365 1671 1434 1757 quod

327 1779 412 1844 Felix
435 1782 598 1846 uniuersae
619 1781 742 1848 ciuitati
765 1781 947 1847 manifestus
969 1784 1051 1847 esset
1066 1785 1098 1847 et
1112 1783 1212 1863 notus,
1235 1784 1346 1845 tamen
1362 1776 1434 1842 nole

326 1882 402 1947 bant
430 1901 512 1961 eum,
542 1884 568 1948 si
596 1883 643 1948 fas
673 1888 770 1963 esset,
800 1902 925 1962 neoare,
953 1884 1104 1966 quomodo
1127 1881 1233 1949 Iudaei
1253 1880 1432 1947 suscitatum

325 1985 476 2050 Lazarum
498 1984 665 2067 cupiebant
688 1986 837 2053 occidere.
1439 1999 1455 2038 Β

274 2128 316 2194 52
368 2122 798 2206 (11‚18)Aopropinqunbat
825 2125 889 2190 iam
918 2124 1041 2189 futurus
1068 2121 1132 2189 dies
1158 2121 1213 2186 ille
1233 2120 1432 2185 ealuunnioeus

244 2257 263 2289 e.
277 2248 316 2290 aaa
325 2224 534 2290 Kalendarum
557 2226 794 2293 Februariarum
815 2226 976 2293 abeodem
992 2226 1139 2292 statutus.
1161 2225 1363 2291 Conuenient
1382 2238 1432 2286 non

324 2326 423 2391 solum
453 2328 613 2393 uniuersae
636 2328 776 2407 Africae,
806 2348 914 2393 uerum
943 2328 1038 2393 etiam
1065 2328 1238 2393 insularum
1268 2327 1430 2391 multarum

324 2428 471 2511 episcopi,
495 2429 663 2497 afflictione
687 2434 719 2496 et
743 2448 881 2495 maerore
903 2428 1044 2496 conlecti.
1073 2429 1126 2494 uir
1147 2428 1310 2495 silentium
1332 2426 1430 2493 dietue

324 2531 445 2615 multis,
474 2551 630 2616 quousque
653 2535 770 2615 peritos
798 2550 933 2617 quosque
954 2536 987 2598 et
1008 2533 1202 2598 doctissimos
1223 2531 1310 2597 uiros
1333 2527 1452 2595 erindoe

324 2639 481 2717 separaret
513 2636 676 2701 calumniis
707 2636 857 2718 adpositis
880 2633 1057 2701 enecandos.
1094 2635 1175 2699 Nam
1199 2651 1295 2698 unum
1318 2650 1355 2697 er
1375 2631 1430 2713 ipso

324 2736 414 2801 ehoro
436 2737 605 2817 deuterum,
625 2740 748 2805 nomine
765 2739 904 2820 Laetum,
927 2738 1090 2801 strenuum
1111 2740 1204 2819 atque
1226 2735 1429 2801 doctissimum

324 2839 434 2917 uirum,
457 2845 527 2921 poet
550 2840 713 2907 diuturnos
736 2840 864 2907 carceris
886 2840 1044 2922 squalores
1065 2839 1204 2904 inoendio
1220 2834 1428 2907 concremant

323 2940 491 3005 aestimans
524 2942 581 3007 tali
610 2943 748 3025 exemplo
776 2943 921 3007 timorem
949 2941 1103 3007 inoutiens
1125 2942 1257 3023 reliquos
1279 2942 1428 3007 elisurum.

272 3041 464 3112 53Tendem
486 3045 610 3109 uenitur
632 3046 671 3111 ad
693 3043 909 3127 disputationis
931 3043 1120 3121 ooufliotum
1143 3046 1181 3109 ad
1196 3044 1298 3108 loonm
1319 3040 1450 3109 soilioets

323 3162 415 3226 quem
431 3145 611 3229 delegerant
626 3145 803 3213 aduersarii.
827 3144 970 3211 Uitantes
985 3146 1082 3229 igitur
1095 3146 1195 3210 nostri
1210 3142 1426 3210 noeiremuonu

323 3248 492 3325 tumultus,
521 3267 559 3314 ne
585 3248 666 3315 forte
693 3249 891 3331 postmodum
920 3246 1047 3313 Arriani
1081 3247 1234 3326 dicerent,
1270 3246 1352 3330 quod
1382 3259 1425 3309 eos

372 3501 387 3554 2
411 3517 514 3557 meeum
540 3525 561 3571 φ
664 3504 697 3558 ob
715 3503 765 3559 hoe
782 3506 859 3559 tanto
876 3520 913 3557 m.
932 3520 958 3573 p.
975 3519 999 3559 e.
1018 3504 1188 3573 comprimere
1205 3505 1293 3559 uirum
1310 3501 1358 3572 qui
1374 3516 1393 3552 r.
1410 3496 1425 3549 l

320 3590 493 3658 eoeperuntp
595 3589 745 3659 3populon
768 3589 826 3644 BV
925 3588 1029 3643 lateri
1050 3588 1085 3645 W
1183 3588 1301 3657 inposuit
1321 3586 1370 3645 GP
1470 3651 1471 3662 χ

320 3674 446 3743 metente]
465 3675 609 3729 eomitante
627 3676 674 3730 Ma
709 3675 822 3731 iaeiente
839 3693 858 3729 a
964 3673 1149 3742 eripitur
1252 3674 1313 3743 quit
1336 3670 1372 3727 W

321 3759 354 3812 10
366 3759 463 3829 reperit
476 3761 514 3817 W
597 3760 673 3831 illep
760 3761 791 3815 12
802 3761 968 3831 oppressione
979 3759 1113 3830 eoniueip
1197 3760 1366 3830 potuernntd

320 3845 354 3899 14
376 3860 466 3901 neuere
489 3846 528 3899 ΡΙ
632 3845 662 3900 17
688 3846 859 3901 kalendarum
885 3847 920 3903 W
1023 3846 1057 3901 18
1080 3846 1199 3901 insularu
1220 3847 1259 3903 W
1358 3844 1422 3898 lta·

320 3930 437 3985 diutione
459 3930 510 3986 Vc
604 3930 729 3986 affectio
820 3932 855 3986 22
871 3932 917 4002 qni
935 3947 1018 4001 usqua
1034 3932 1063 3987 P
1152 3931 1187 3987 21
1202 3931 1366 4000 ηοωᾶοοβ

320 4015 354 4069 22
377 4016 459 4071 letum
482 4016 538 4070 Mb
640 4016 674 4071 23
697 4018 824 4073 diutunoa
851 4017 913 4073 1⁷0¹
938 4016 1056 4071 diutinos
1080 4016 1113 4072 0²
1213 4016 1325 4071 aoaloreo
1350 4016 1365 4069 t

320 4101 355 4155 24
372 4102 467 4155 timore
485 4101 543 4156 BV
634 4102 779 4157 aestimans
796 4102 867 4173 quod
882 4102 932 4156 tali
944 4117 964 4157 e.
979 4107 999 4156 t.
1017 4105 1151 4157 exenterat
1167 4100 1289 4171 reliqniis
1306 4100 1421 4157 alesmum

320 4186 467 4255 (reliquisse
485 4188 602 4243 leenrum
620 4188 681 4257 t)p
775 4187 914 4243 desiliret
932 4188 960 4243 P
1052 4187 1085 4241 26
1103 4189 1245 4257 nostrast
1341 4184 1371 4239 tl
1386 4185 1421 4236 tu-

320 4272 432 4341 multns]
451 4272 570 4327 stimulis
587 4289 605 4326 o
