2992 4967
283 349 325 414 24
638 345 753 416 ldagni
769 344 897 399 Felicis
914 341 1046 398 iinnodi

287 538 415 616 nesoire,
452 537 525 620 qnia
551 537 699 602 sermonis
728 533 900 618 frequentia
925 535 1106 616 pensabitur
1133 533 1197 599 tale
1228 532 1403 599 silentiam.

284 641 481 706 deoedentom
503 659 523 704 a
544 639 704 706 desideriis
726 639 861 704 amioum
887 636 975 701 nulla
996 635 1132 702 delenire
1154 637 1257 719 petest
1280 635 1405 701 oultnra

285 742 432 808 oaumtis.
458 743 533 808 laer
555 741 729 826 quantauis,
753 743 797 804 mi
819 739 952 821 domine,
975 739 1129 804 nobilibus
1158 737 1306 804 suentiae
1330 742 1405 804 tuae

283 847 447 912 uerborum
457 845 568 930 pingas
581 844 781 928 imaginibus,
794 861 864 908 raro
878 845 1027 908 curentur
1040 841 1207 908 malefacta
1223 842 1403 922 oonloquiin,

286 953 317 1014 et
338 950 433 1028 dolor,
457 949 510 1032 qui
526 967 545 1014 a
562 967 594 1014 ro
617 947 818 1026 deseenderit,
841 948 942 1012 sanam
964 963 1026 1011 nen
1040 947 1145 1029 potest
1158 964 1216 1028 per
1235 943 1404 1026 loquelam
1425 980 1437 1017 ⁵

286 1053 338 1116 uix
361 1053 429 1130 erit,
451 1053 490 1116 nt
511 1050 671 1116 sonbendo
694 1051 807 1127 deleas,
829 1049 911 1132 quod
933 1048 1069 1114 sombere
1090 1044 1317 1129 oontempsist‘u
1349 1048 1405 1112 sad

284 1159 420 1220 reuertor
448 1156 485 1220 ad
516 1155 721 1240 propositum,
753 1171 773 1218 a
800 1171 859 1236 quo
887 1171 1058 1235 numquam
1085 1153 1150 1229 est,
1181 1153 1208 1216 si
1235 1150 1404 1216 miseretur

284 1257 440 1336 diuinitas,
465 1258 693 1323 diseedendum.
722 1258 779 1324 deo
801 1257 906 1330 debeo,
929 1254 1009 1338 quod
1031 1273 1175 1340 prospera
1188 1257 1290 1318 tuate
1306 1253 1404 1319 silen-

282 1361 362 1425 tium
383 1367 566 1443 procurante
588 1361 622 1424 in
644 1360 771 1443 Liguria
792 1360 911 1442 primus
932 1358 1055 1442 agnoui.
1079 1357 1244 1441 perdidisti
1263 1355 1404 1421 nusum

283 1464 438 1530 studiosae
459 1464 699 1530 taciturnitatis:
724 1465 870 1528 bonorum
894 1462 1031 1527 felicitas
1058 1461 1169 1526 mnndi
1189 1459 1301 1546 lingua
1321 1461 1436 1531 eale-n

281 1565 405 1630 hratur:
421 1568 556 1650 ignorari
568 1587 628 1632 non
644 1570 745 1650 potest
757 1567 839 1650 quod
851 1564 981 1631 summis
994 1565 1164 1630 aooesserit.
1186 1565 1221 1629 in
1235 1563 1404 1628 honoribus

282 1670 338 1734 illa
358 1671 458 1754 magis
480 1671 693 1754 amplectenda
715 1674 788 1736 sunt
810 1687 888 1754 quae
910 1668 1096 1734 redduntur:
1125 1667 1208 1733 male
1239 1669 1277 1732 ad
1304 1666 1403 1731 iasoes

283 1773 445 1837 adtollitur
471 1774 558 1838 cuius
586 1792 674 1838 meus
701 1774 783 1838 inter
805 1773 909 1839 euriae
930 1772 1033 1838 sidera
1055 1772 1133 1836 lueis
1155 1790 1229 1837 suae
1252 1770 1403 1854 suffragia

284 1893 345 1940 non
368 1875 507 1960 agnoseit
529 1876 563 1940 in
586 1875 699 1941 titulis.
724 1874 812 1940 uenit
833 1875 871 1940 ad
894 1894 949 1939 uos
974 1893 1049 1939 oeno
1071 1874 1208 1958 dignitas
1225 1871 1402 1964 [sera],.sed

283 1977 395 2044 debita.
421 1979 545 2044 nouauit
568 1978 775 2063 semiiugera,
799 1997 890 2060 quam
913 1977 1066 2059 sequitur:
1091 1977 1192 2062 exegit
1213 1976 1432 2060 inundantiae

282 2097 375 2162 qnam
396 2079 507 2146 habuit
535 2084 687 2162 quondam
711 2080 813 2146 aetate
836 2080 1044 2146 coniunctam.
1083 2080 1135 2146 sed
1164 2081 1227 2145 iam
1250 2081 1339 2144 redeo
1362 2078 1402 2142 ad

281 2181 414 2266 gratiam
447 2182 610 2250 familiaris
644 2183 771 2266 alloquii
805 2183 900 2249 etiam
922 2183 993 2265 post
1027 2182 1185 2249 offensam.
1220 2181 1324 2266 salue,
1356 2182 1401 2246 mi

280 2285 412 2362 domiue,
437 2287 467 2351 et
490 2287 569 2368 quod
591 2287 625 2350 in
648 2287 761 2353 damno
783 2267 925 2371 promissi
944 2287 1073 2353 foederis
1090 2287 1253 2369 neglexisti
1268 2284 1399 2350 restitue

282 2388 423 2453 ubertate
446 2390 604 2454 sermonis.
1130 2374 1135 2386 '

786 2579 893 2645 XIIII.
1406 2601 1429 2641 aa

664 2733 801 2790 FAVSTO
821 2732 1012 2790 aumonius,

320 2852 458 2937 Nollem,
490 2855 605 2940 latam,
637 2872 793 2922 morarum
816 2871 923 2921 musas
945 2855 1079 2939 aperire,
1101 2875 1143 2920 ne
1163 2855 1286 2921 animus
1310 2875 1396 2923 mens

279 2971 349 3020 sera
369 2957 404 3021 iu
430 2975 538 3040 paoem
560 2977 631 3024 oum
652 2958 775 3026 laetitia
797 2960 945 3024 reduetus
972 2962 1091 3025 maesta
1112 2960 1226 3025 iterum
1248 2958 1397 3024 relatione

279 3053 422 3125 turbetur
451 3066 483 3126 et
509 3063 638 3128 habeam
668 3061 817 3126 tristitiae
844 3081 932 3128 meae
960 3064 1136 3130 redininnm
1163 3065 1198 3130 iu
1221 3062 1397 3130 narratione

329 3333 342 3386 1
362 3333 434 3402 quia]
454 3349 506 3402 qua
523 3334 583 3399 Bu
611 3335 669 3401 Qua
687 3311 817 3390 emmonis
830 3335 849 3388 i.
862 3352 888 3405 p.
901 3339 923 3390 t.
944 3334 1106 3390 silentium?
1123 3335 1203 3390 Sina.
1293 3337 1310 3390 2
1328 3336 1395 3392 deoi-

276 3425 383 3481 dentem
399 3427 491 3482 mutim
594 3428 705 3484 delinire
723 3430 772 3485 Bo
874 3431 892 3483 3
909 3431 947 3483 mi
965 3429 1027 3495 BT,
1044 3427 1112 3484 milri
1131 3429 1195 3492 LV.
1212 3443 1262 3484 om.
1279 3428 1329 3485 Pa

276 3528 338 3576 tuae
356 3537 404 3576 orn.
424 3522 451 3577 L
552 3525 647 3593 lpoat
664 3525 830 3594 imaginibus
846 3526 913 3594 plato
930 3526 1007 3580 ttoeu
1024 3525 1140 3579 dimidiu
1157 3539 1236 3580 “aaa
1253 3527 1284 3579 a‘u
1301 3525 1328 3579 B

275 3617 418 3672 malefacta
438 3620 463 3671 r
485 3622 515 3672 aa
531 3619 563 3672 aa
579 3635 636 3673 roa.
689 3603 694 3612 '
747 3618 888 3688 conoque
905 3619 984 3674 nro
1095 3619 1174 3689 510]
1198 3623 1226 3673 a
1248 3618 1329 3678 &aa

276 3709 435 3765 discendunt
461 3711 488 3766 Β
589 3715 687 3782 poterit
714 3714 761 3768 Pb
863 3713 1008 3783 loquellam
1034 3715 1061 3769 B
1166 3713 1183 3768 6
1210 3713 1290 3786 quod]
1316 3729 1395 3782 quam

279 3813 304 3867 Τ
396 3815 662 3870 contemsistiBIaV
755 3816 991 3871 8diecendendum
1003 3816 1076 3881 ΠΤ,
1100 3817 1329 3873 deeeedende

277 3922 396 3995 innare]
409 3926 553 3982 niueam.
566 3927 593 3980 a
678 3902 847 3982 stettin
936 3927 1244 3984 nominaturus
1323 3907 1396 3984 aire

275 4013 390 4103 interT
491 4039 524 4093 14
548 4055 605 4094 sera
627 4040 727 4096 turiani
835 4042 867 4096 16
893 4042 1036 4112 quondam]
1060 4057 1141 4097 aurea
1163 4039 1275 4096 eoadem
1301 4043 1328 4098 Β

276 4135 310 4192 17
326 4139 408 4195 etiam
429 4141 455 4196 Τ
469 4143 500 4196 io
517 4157 572 4197 rae.
589 4145 663 4198 Μ
768 4143 800 4200 18
817 4143 931 4213 dampno
948 4145 975 4200 L
1077 4124 1203 4216 promati
1225 4146 1252 4201 Β
1337 4145 1340 4148 ’

327 4259 419 4318 XIIII.
448 4261 482 4316 23
499 4265 584 4316 meam
601 4263 741 4319 BLPTV
