2992 4967
417 314 654 385 Epistularum
675 311 765 367 libor
782 310 860 369 vm

547 532 728 604 XXXVIII.

432 688 615 747 uusoulvs
638 684 846 746 SYMMACHO.

116 817 190 884 Non
225 814 424 883 ineffioaoiter
461 812 563 898 posoit
604 815 658 897 qni
694 810 818 895 perenti
852 809 993 876 omnium
1028 810 1203 895 perongnos

76 918 232 986 insinuat:
270 918 428 985 nobitibus
458 917 613 1002 generalis
645 916 774 981 debetur
795 912 940 997 adsertio,
963 913 1098 979 maxime
1119 912 1201 997 apud

57 1042 128 1087 aeos
165 1022 219 1105 qui
255 1020 407 1088 beneficia
443 1022 588 1088 tribuunt
626 1039 687 1085 nou
724 1018 835 1102 rogati.
873 1016 1005 1082 Restm
1035 1014 1204 1083 sublimem

75 1124 307 1192 adulescentem
329 1122 543 1209 praesentium
565 1123 707 1189 baiulum
729 1120 758 1185 si
774 1137 886 1186 oorona
907 1120 1015 1185 uestra
1037 1119 1203 1203 dignanter

77 1228 226 1311 excipiet,
263 1228 457 1311 praeclarum
486 1227 573 1291 inite
604 1244 722 1291 morem
752 1220 908 1309 pontificis
934 1226 1025 1287 ornat
1047 1220 1202 1287 offioium:

76 1337 123 1397 est
147 1332 231 1397 onim
246 1331 299 1415 qui
313 1332 449 1413 gretiam
468 1336 606 1397 uestrum
621 1332 653 1394 et
668 1324 828 1393 natalibus
839 1326 998 1392 mereatur
1010 1328 1042 1390 et
1055 1324 1202 1390 moribus.

76 1432 195 1501 suffieit
231 1434 335 1517 dignis
372 1434 485 1499 striota
523 1430 673 1499 laudatio.
718 1449 800 1497 nuno
829 1426 967 1496 seruitiis
990 1426 1201 1495 'salutationis

44 1538 223 1604 perhibitis
244 1557 328 1623 rogo,
351 1538 388 1603 ut
409 1556 460 1603 me
477 1537 636 1603 emantur
652 1536 750 1601 uestri
772 1532 875 1600 crebri
896 1533 1041 1598 releuetis
1062 1530 1200 1617 promul·

76 1641 202 1725 gatione
225 1640 392 1723 oonloquii.

543 1860 741 1929 XXXVIIII.

337 2010 520 2069 ennomus
543 2010 755 2069 nosmsuns
777 2010 945 2069 sucoso,

119 2136 153 2205 Si
169 2134 309 2220 dignatio
325 2134 406 2202 eirea
420 2155 471 2201 me
488 2136 640 2220 promissa
655 2136 794 2219 diruet,
816 2134 1013 2202 adsereretnr
1026 2135 1202 2219 frequentia

45 2242 269 2307 nlitterarum:
314 2240 365 2305 uir
394 2240 566 2325 respiciunt
593 2240 728 2306 humiles
761 2259 838 2323 quos
871 2240 911 2306 ad
939 2259 1042 2307 aroem
1068 2243 1201 2307 euentus

76 2362 204 2429 prosper
218 2344 372 2408 onererit:
395 2362 491 2427 grene
506 2343 565 2421 est,
588 2343 616 2407 si
632 2362 702 2427 spes
717 2346 923 2409 secundarum
938 2363 1042 2408 rerum
1058 2342 1201 2410 oaritdis

76 2467 171 2514 nexus
187 2446 319 2513 ineidat:
335 2465 396 2512 non
411 2447 503 2513 debet
514 2447 723 2529 praeiudicare
740 2447 921 2529 diligentiae
937 2466 1016 2531 quae
1031 2447 1201 2517 seeundum

76 2556 151 2617 note
172 2550 343 2617 blanditur.
387 2552 413 2615 si
435 2552 541 2615 temen
564 2549 683 2632 ailquid
705 2550 787 2616 eirea
808 2569 857 2614 me
884 2551 1006 2633 gratiae
1028 2552 1203 2633 custoditis,

76 2657 104 2720 si
116 2656 199 2721 uiuit
215 2654 329 2721 amoris
344 2651 484 2719 suintilla
496 2651 637 2736 polliciti,
645 2652 779 2718 Beatum
787 2652 968 2718 commendo
974 2653 1203 2721 nobilissimum

44 2760 309 2825 nedulesoentsm
329 2759 540 2841 praesentium
563 2758 761 2840 portitorem:
784 2756 835 2822 oni
856 2758 975 2822 iustum
997 2759 1045 2822 est
1073 2758 1110 2823 ut
1131 2777 1204 2824 oon·

77 2862 263 2927 sideratione
278 2862 341 2926 mei
356 2864 388 2925 et
397 2861 559 2944 parentem
571 2860 732 2956 testitudo
742 2860 1005 2944 uestreinpendat
1016 2859 1202 2942 etpatriem.

79 2968 144 3031 esto
172 2962 316 3046 speoiaIIs
342 2964 444 3038 tutor,
480 2963 620 3027 omnium
654 2981 726 3027 mor
754 2963 889 3028 futurus.
934 2962 1060 3028 domine
1096 2964 1203 3042 frater,

78 3066 276 3134 salutationis
303 3066 484 3131 hnmilitate
512 3065 644 3148 deponse
666 3082 756 3148 rogo,
779 3066 815 3130 ut
836 3065 894 3130 sub
925 3066 1086 3132 relentete
1109 3086 1203 3149 quam

78 3171 155 3236 bene
177 3169 311 3235 ualeatis
334 3168 500 3251 seriptione
523 3169 663 3251 signetis.

128 3440 282 3497 XXXVIII.
316 3442 334 3494 4
357 3439 492 3509 generales
515 3438 621 3493 debitur
644 3439 672 3492 Β
775 3442 792 3497 5
819 3440 943 3497 benefitia
969 3441 997 3495 Β
1099 3444 1205 3499 dadu-

78 3529 217 3583 lieosntern
235 3526 264 3581 Β
366 3525 485 3581 baiolum
505 3524 532 3579 Β
635 3524 783 3594 ieeoipiat
800 3526 843 3581 Po
942 3527 1045 3581 iuxta-a
1061 3528 1203 3594 L‚iu1to

78 3616 105 3669 Β
197 3612 335 3683 pontifices
354 3610 383 3666 Β
473 3612 536 3664 8et
553 3610 672 3665 moribus
689 3600 857 3666 mereaturo
951 3612 1091 3668 9s'offioet
1108 3611 1136 3669 Β

77 3701 111 3754 10
128 3698 229 3753 crebris
246 3697 310 3751 ΒΤΙ

129 3800 300 3857 xxxvrnr.
336 3802 368 3856 re
395 3800 530 3856 hormisde
554 3802 580 3856 r
681 3788 754 3855 oreis
776 3802 804 3855 n
909 3802 943 3857 14
965 3802 1098 3857 arentur
1120 3804 1136 3858 o

79 3890 111 3947 16
129 3886 250 3944 euexerit
267 3888 326 3954 (ott.
346 3902 359 3940 e
376 3889 407 3941 io
423 3890 490 3955 ras.)
508 3886 536 3941 Β
640 3888 672 3941 17
694 3886 768 3942 debit
784 3886 812 3941 Β
916 3890 979 3957 quai
998 3889 1038 3956 B,
1063 3890 1107 3944 oui
1124 3888 1205 3945 LPT

82 3978 137 4041 Vo;
165 3992 233 4047 quae
245 3974 317 4043 guod
329 3972 562 4043 soripoiadspem
573 3974 803 4043 referendorum
900 3975 934 4028 18
951 3974 1090 4043 plauditur
1108 3976 1136 4030 Β

79 4062 226 4118 custoditos
243 4059 271 4113 Β
373 4060 405 4114 19
422 4059 500 4113 sinet
518 4060 546 4114 Β
642 4060 751 4115 sentilla
769 4059 804 4124 Β,
830 4058 938 4115 ointilla
955 4060 991 4114 Τ·
1087 4061 1203 4131 polliottt

77 4148 199 4203 scintilla
217 4144 317 4201 LTVt
421 4145 455 4199 ΒΟ
476 4144 668 4201 adulisooutem
685 4143 713 4198 Β
815 4144 852 4199 22
870 4146 997 4216 speoialoe
1013 4148 1050 4216 ΒΙ
1141 4162 1202 4203 mor

77 4238 106 4300 (x
123 4235 155 4287 in
172 4234 241 4299 rae.)
260 4230 284 4283 Β
387 4230 421 4285 24
439 4230 554 4299 signetis
575 4231 618 4300 Β,
644 4230 787 4300 resignetis
803 4231 870 4301 fort.

129 4336 177 4393 VI.
1068 4336 1099 4389 15
