2992 4967
303 373 345 444 70
698 372 856 431 Uictoria
881 370 1038 430 Uitensis

249 569 291 636 99
300 568 446 635 adoratur
476 564 565 633 cuins
589 566 637 632 est
659 565 797 649 spiritus.
826 562 1041 629 illudentem
1062 562 1169 629 nullus
1192 563 1335 647 ignorat,
1362 564 1440 646 qnia

300 670 427 737 diuinae
447 669 607 736 maiestati
629 686 685 735 nec
707 668 783 735 addi
804 670 971 751 quicquam
992 684 1049 731 nec
1071 664 1172 730 minui
1195 664 1344 731 humanis
1359 684 1440 747 eup-

299 772 518 859 pliceticnibus
551 770 673 855 potest,
708 770 764 837 sed
797 770 1008 853 unnsquisque
1040 768 1213 835 secundum
1233 766 1439 852 propositum

249 950 251 955 ,
299 876 471 944 uoluntatis
498 893 571 942 snae
599 877 654 941 aut
681 874 815 957 gloriam
843 872 908 937 eibi
929 871 1068 956 acquirit
1089 870 1224 939 fideliter
1245 871 1439 948 uenerando,

300 982 356 1044 aut
377 976 589 1045 confusionem
611 978 796 1061 perpetuam
817 975 1018 1060 pertinaciter
1035 974 1224 1041 resistendo:
1247 974 1375 1041 certum
1392 980 1470 1040 ests

300 1082 401 1164 enim,
435 1081 509 1166 quia
531 1080 689 1147 cententio
717 1083 750 1145 et
770 1074 916 1163 snperbia
936 1080 1076 1159 damnat,
1097 1078 1339 1145 honoriticentia
1359 1097 1441 1143 nero

299 1184 436 1253 finctum
458 1182 633 1251 deuotionis
657 1185 809 1267 expectat.
831 1180 936 1263 Quare
956 1182 1062 1247 antem
1083 1180 1192 1248 fideles
1206 1201 1268 1247 non
1282 1181 1441 1247 honorili-

300 1290 372 1354 cent
393 1288 515 1370 integre
535 1286 724 1365 trinitatem,
748 1284 788 1351 ad
810 1301 905 1368 qnam
926 1304 959 1350 se
975 1285 1129 1368 pertinere
1145 1284 1320 1362 confidunt,
1343 1284 1438 1351 euius

298 1388 423 1457 nemine
444 1406 478 1456 ae
501 1392 632 1466 renatos,
662 1388 751 1455 cuins
772 1406 877 1453 seruos
898 1407 932 1455 ee
953 1389 1107 1453 nominari
1128 1390 1329 1473 glorientur?
1351 1387 1440 1453 Nam

299 1496 382 1559 sieut
410 1493 586 1559 adnomen
615 1492 665 1559 dei
691 1492 791 1576 patris
817 1490 959 1557 homines
981 1490 1031 1557 dei
1053 1492 1262 1575 appellantur,
1286 1492 1327 1557 ut
1348 1491 1467 1557 ffliaee

297 1598 390 1663 homo
411 1597 461 1663 dei
482 1594 585 1661 dictus
607 1597 663 1675 set,
685 1596 722 1661 ut
743 1593 868 1679 Moyses
890 1594 982 1661 homo
1004 1594 1054 1660 dei
1075 1596 1251 1678 appellatus
1269 1594 1332 1673 eat,
1356 1592 1440 1660 sica

299 1698 422 1767 Uiriato
445 1696 615 1764 Christiani
637 1714 861 1781 nuncupemur,
884 1698 932 1763 alc
953 1696 1050 1763 etiam
1071 1696 1111 1762 ab
1134 1697 1248 1782 spiritu
1268 1696 1439 1780 spiritales

300 1803 502 1887 appellamur.
537 1800 571 1868 si
593 1800 691 1885 igitar
712 1804 841 1867 uocatu
862 1802 933 1883 quis
954 1801 1045 1866 homo
1067 1802 1117 1866 dei
1139 1802 1173 1866 et
1192 1818 1253 1866 non
1273 1801 1320 1865 ait
1343 1798 1438 1865 chri·

298 1906 429 1987 stanna,
458 1904 538 1970 nihil
565 1904 629 1981 est;
667 1903 722 1988 qui
751 1904 778 1969 si
806 1902 1003 1970 omistenur
1031 1907 1161 1969 uocetur
1188 1907 1221 1969 et
1248 1920 1312 1969 non
1337 1900 1438 1968 inerit

298 2008 460 2091 spiritalia,
484 2024 540 2073 neo
562 2007 624 2074 sibi
648 2006 725 2073 satis
747 2006 786 2073 de
806 2007 910 2072 salute
925 2006 1070 2073 confidat.
1445 2030 1467 2070 u

227 2127 291 2195 100
342 2126 416 2211 (ΙΙΙ,
432 2128 486 2209 23)
510 2124 558 2195 Sit
586 2142 659 2213 ergo
687 2126 778 2193 nobis
807 2126 979 2193 secundnm
1007 2125 1154 2192 salutaria
1182 2125 1334 2210 baptismi
1357 2128 1437 2191 con·

298 2228 463 2297 sessionem
485 2230 562 2296 fides
584 2232 708 2314 integra
729 2230 892 2310 trinitatis,
916 2233 958 2297 sit
980 2248 1042 2295 una
1063 2229 1187 2296 deuotio
1207 2228 1350 2314 pietatis,
1377 2247 1435 2294 uec

297 2352 383 2400 more
410 2334 577 2421 gentilium
606 2334 797 2417 potestatum
826 2334 1024 2400 diuersitates
1053 2333 1230 2415 opinemur,
1258 2334 1314 2397 ant
1345 2349 1435 2396 crsa-

297 2437 402 2503 tnram
425 2440 575 2520 qnantum
598 2438 638 2503 ad
660 2437 811 2504 deitatem
833 2436 866 2501 in
891 2436 1034 2502 trinitate
1049 2435 1251 2519 suspicemur.
1287 2434 1351 2500 Set
1374 2454 1434 2499 nec

296 2539 484 2607 Indaeorum
516 2540 662 2606 scandalo
695 2556 887 2617 moneamur,
920 2538 975 2623 qui
1002 2536 1105 2603 lilium
1136 2538 1187 2603 dei
1215 2538 1342 2620 negant,
1378 2537 1464 2620 quia

298 2643 446 2725 spiritum
473 2662 536 2709 non
558 2642 698 2724 adorant,
732 2640 786 2707 sed
808 2642 914 2725 potius
941 2640 1117 2724 perfectam
1145 2640 1323 2706 trinitatem
1354 2643 1433 2707 ado

297 2746 403 2813 rantes
425 2748 458 2812 et
479 2744 728 2832 magnificantes,
751 2744 835 2810 sicut
856 2746 890 2810 in
911 2743 1071 2828 mysteriis
1092 2762 1145 2811 ore
1159 2746 1265 2808 nostre
1282 2742 1433 2820 dicimus,

297 2850 344 2916 ita
365 2848 555 2917 conscientia
586 2850 765 2915 teneamus:
800 2846 964 2914 sanctus
987 2848 1150 2913 sanctus
1179 2846 1347 2913 sanetus
1368 2849 1433 2913 do·

297 2953 426 3018 minua
449 2950 542 3017 deus
565 2949 741 3019 sabaoth.
775 2950 836 3017 Ter
857 2948 995 3015 dicentes
1023 2951 1188 3016 sanctus
1210 2968 1305 3015 unam
1327 2952 1433 3015 omni-

350 3170 479 3226 lnnllns
501 3170 635 3241 ignoret.
652 3208 661 3224 .
679 3169 797 3239 .111,e
819 3170 985 3239 patrim0nia
1007 3169 1125 3225 ecclesiia
1146 3170 1245 3227 amat
1261 3172 1293 3227 ia
1311 3188 1346 3239 a,
1370 3190 1431 3229 aare

295 3254 364 3322 folio
381 3254 524 3326 deperdito
620 3256 727 3326 ignoret
744 3256 772 3309 A
875 3255 998 3325 tgloria
1018 3256 1057 3312 W
1148 3256 1266 3326 acquirit
1283 3256 1362 3313 aren

295 3338 419 3399 fedeliter
443 3340 481 3397 M
579 3342 596 3396 5
624 3340 818 3397 confessionem
845 3340 947 3398 llA¹PR
1049 3340 1226 3397 tcontentio
1244 3344 1272 3397 at
1288 3342 1427 3415 snperbia]

296 3428 663 3499 snperbiaetcontemptiofl
758 3426 776 3481 'l
788 3427 971 3482 honorificant
986 3426 1026 3483 W
1117 3426 1252 3498 Sintegre
1262 3428 1428 3500 uinitstem]

295 3514 481 3584 integritatem
495 3512 532 3568 Μ
614 3514 682 3567 atA
774 3512 809 3567 10
820 3514 923 3567 omines
938 3512 978 3570 W
1068 3513 1224 3583 apellantur
1239 3512 1281 3569 W
1362 3514 1429 3569 ellae

295 3602 351 3658 BP
370 3602 462 3671 helpes
475 3600 514 3657 Μ
530 3600 617 3655 helias
630 3598 690 3654 rell.
791 3599 823 3653 11
839 3598 971 3669 apellatus
986 3598 1038 3655 We
1140 3600 1175 3655 12
1191 3602 1385 3669 nuncupentur
1402 3608 1430 3656 et

295 3687 463 3758 appellantur
489 3685 543 3741 lle
645 3684 684 3739 sic
711 3680 817 3739 etiam.
837 3723 845 3738 .
863 3685 1053 3755 .appellamnr
1077 3700 1128 3741 oea
1155 3684 1239 3741 Pt¹B
1342 3686 1427 3757 atla

295 3772 356 3829 ML
459 3774 493 3828 13
510 3787 565 3827 non
582 3784 634 3827 om.
658 3770 699 3827 W
799 3770 833 3826 lt
850 3770 908 3841 nec]
925 3787 960 3825 ne
976 3770 1004 3826 A
1100 3769 1163 3841 asel]
1181 3771 1220 3826 sic
1238 3772 1299 3826 Me²
1396 3774 1429 3828 de

295 3858 474 3914 selutetteP
568 3856 600 3913 17
618 3856 734 3927 pietates
750 3854 788 3913 V¹
882 3856 917 3912 18
933 3856 981 3911 ant
994 3858 1146 3911 creaturam
1161 3873 1212 3911 oea
1225 3858 1253 3911 A
1350 3858 1383 3912 19
1398 3860 1427 3912 iu

294 3943 448 4000 trinitatem
472 3944 512 4000 Μ
610 3942 776 4012 suscepimur
798 3942 853 3998 Pe·
895 3965 897 3968 ·
954 3942 1001 3998 aad
1023 3956 1074 3997 οππ.
1092 3942 1141 3998 Ate
1240 3942 1278 3996 tt)
1299 3942 1426 3997 sandolo

295 4028 362 4085 ΒΨ
381 4028 505 4099 (Setuct.
525 4028 551 4097 I,
569 4029 637 4095 1⁷1>
740 4042 879 4084 monemur
901 4029 939 4083 A·
1047 4028 1080 4083 a]
1105 4028 1233 4098 spiritum
1255 4026 1427 4084 avom

295 4114 420 4185 spiritum
438 4118 561 4171 sanctum
578 4115 638 4172 rell.
746 4114 782 4170 23
799 4114 946 4170 conuentis
967 4114 1003 4169 V*
1037 4122 1070 4171 cn
1086 4114 1210 4183 sitientia
1225 4114 1265 4169 eie
1284 4114 1311 4170 G
1321 4116 1425 4183 partin

297 4231 330 4271 erc
343 4230 412 4272 corr.
440 4206 735 4359 mfficimtietenesmus
752 4218 781 4274 A
872 4220 908 4274 24
925 4219 1040 4277 eabahot
1057 4216 1113 4275 BL
1203 4216 1309 4273 ‹lioente
1323 4219 1362 4276 W

296 4316 378 4357 unam
401 4318 454 4361 osu.
561 4314 564 4321 ’
1119 4308 1124 4317 “
