2992 4967
255 337 258 343 ’
284 350 346 417 134
640 348 755 419 uagus
771 346 898 402 uerrere
915 346 1050 401 annoni

282 558 464 623 superorum
487 538 637 605 instituta
659 539 821 604 sectantur
842 558 899 623 per
920 557 997 622 qnos
1020 538 1178 622 generatio
1194 534 1307 618 recipit
1328 536 1407 617 quod
1485 569 1486 590 r

281 659 411 724 persona
432 640 613 708 condiderit.
636 641 682 707 sio
698 640 867 708 Israelitioi
889 640 1004 706 deliota
1026 639 1134 723 populi
1155 642 1283 723 propter
1305 638 1406 704 Dauid
1485 625 1486 716 ξ

281 764 380 831 poena
402 764 462 811 non
485 745 609 831 tetigit,
640 746 715 810 dum
737 745 825 829 genti
849 744 1005 828 opitulata
1027 749 1076 809 est
1097 742 1305 826 praecessoris
1326 742 1407 807 into·
1485 735 1486 808 ζ

281 849 396 933 gritas,
426 852 458 914 et
485 848 559 914 fidos
586 848 722 913 hominis
754 852 810 914 aut
843 850 957 929 eripuit
987 849 1025 913 de
1055 865 1156 911 errore
1177 847 1330 928 populum
1353 849 1407 910 aut

281 952 362 1019 iuuit
376 954 409 1018 in
425 952 538 1037 gratia.
561 950 727 1017 Partenius
751 949 849 1034 igitur
865 952 1077 1035 praesentium
1094 950 1228 1031 portitor
1243 964 1408 1032 germanae
1424 967 1436 1008 e

281 1056 363 1122 filius
386 1056 446 1122 hao
470 1056 507 1121 ad
530 1072 675 1121 coronam
696 1056 837 1119 uestram
856 1054 973 1120 fiduoia
999 1054 1159 1118 animante
1182 1052 1322 1116 direotus
1352 1060 1406 1135 est,

281 1180 373 1243 quem
395 1158 572 1225 sollicitudo
596 1157 737 1225 liberalis
752 1156 884 1223 Romam
907 1158 1010 1239 coegit
1032 1158 1184 1239 expetere.
1212 1157 1322 1219 sancta
1336 1158 1408 1219 sunt

227 1269 230 1280 '
281 1266 383 1330 studia
411 1263 608 1345 litterarum,
639 1262 671 1327 in
700 1262 814 1345 quibus
842 1265 915 1326 ante
943 1261 1140 1325 inerementa
1167 1258 1301 1341 peritiae
1329 1258 1407 1322 uitia

282 1368 486 1434 dediscuntur.
526 1364 583 1431 hoo
604 1367 714 1432 itinere
738 1384 815 1431 cana
836 1366 876 1430 ad
900 1382 997 1431 annos
1019 1364 1154 1445 pueriles
1176 1364 1278 1426 solent
1299 1361 1407 1425 uenire

281 1470 426 1548 consilia,
457 1468 532 1535 dum
559 1472 638 1554 quod
662 1470 748 1533 aetas
777 1468 897 1552 refugit
918 1469 1031 1532 norunt
1063 1466 1210 1530 instituta
1237 1467 1438 1546 praestares

280 1572 384 1639 fouete
413 1591 485 1658 ergo
515 1574 602 1637 ouius
631 1573 778 1637 ueniendi
807 1590 914 1637 caueae
943 1570 1103 1653 patefacta
1125 1566 1407 1654 {oonsanguinitato

281 1676 443 1742 didicistis.
487 1674 607 1740 habetis
630 1674 787 1749 obsidem,
815 1676 848 1738 in
872 1692 931 1756 quo
954 1672 1091 1737 diluoide
1116 1673 1301 1737 meritorum
1326 1670 1408 1754 apud

280 1798 335 1845 uos
357 1797 498 1843 meorum
521 1778 656 1859 qualitas
679 1776 864 1841 innoteseat.
888 1776 1020 1853 domine,
1043 1776 1080 1840 ut
1097 1792 1192 1857 supra
1206 1773 1407 1838 salutationis

280 1880 486 1947 reuerentiam
509 1880 724 1963 obsequiorum
748 1878 912 1944 deuotione
934 1878 1104 1943 restituens
1127 1894 1252 1959 precor,
1277 1882 1314 1942 ut
1338 1896 1405 1959 per·

281 1985 361 2050 lator
383 1984 595 2068 praesentium
622 1984 761 2048 damulus
790 1983 893 2047 uester
921 1981 1006 2046 selioi
1033 1984 1117 2046 sorte
1139 1979 1298 2064 peregrini
1326 1981 1438 2063 apudu

281 2106 336 2153 uos
364 2105 476 2152 nomon
505 2086 653 2168 excipiat,
689 2086 764 2167 quia
793 2084 874 2167 quod
905 2083 1101 2150 adtributum
1135 2084 1232 2149 fuerit
1261 2084 1407 2165 precibus

280 2192 358 2256 meis
381 2193 523 2255 uestrum
545 2207 639 2272 supra
661 2188 750 2253 dotes
773 2204 846 2253 suas
868 2191 957 2253 ornat
980 2186 1130 2254 offioium.

814 2392 870 2456 xl.

646 2546 830 2603 ENNODIVS
848 2546 1040 2602 LVMINOSO.

323 2670 435 2735 Videro
458 2673 542 2753 apud
570 2689 644 2753 quos
674 2672 817 2754 plurimis
841 2672 1029 2737 adserendus
1060 2676 1108 2737 ost
1141 2690 1234 2753 quem
1266 2671 1439 2739 instrenuo

278 2772 417 2840 liberalis
441 2792 515 2841 aura
537 2775 700 2841 sollicitat:
725 2793 780 2839 uoe
802 2780 947 2859 patronos
964 2775 1080 2840 meruit
1102 2793 1196 2841 oausa
1218 2777 1407 2842 eommunis.

279 2895 339 2943 non
361 2878 462 2961 ignari
485 2878 663 2963 peregrinos
685 2880 844 2961 susoipitie
866 2898 923 2943 neo
945 2878 1128 2943 erudiendos
1150 2875 1315 2944 animatis:
1356 2898 1407 2945 ex-

279 2982 376 3063 pertis
398 3001 508 3047 manus
530 2983 766 3049 nscessitatibus
788 2982 966 3064 frequenter
982 2982 1156 3061 adhibetur,
1180 2982 1257 3047 dum
1278 2985 1318 3049 ad
1343 2984 1408 3048 elo·

278 3084 422 3165 quentiae
438 3084 575 3167 palmam
591 3085 700 3151 feriato
716 3104 768 3150 ore
786 3102 837 3149 eos
853 3085 907 3167 qui
922 3083 1061 3151 titubant
1077 3084 1231 3150 inuitatis.
1256 3088 1407 3169 exemplis

279 3186 421 3251 hortatur
443 3208 479 3253 or
500 3191 660 3271 peregrino
682 3193 802 3271 potens,
826 3208 862 3254 ax
884 3189 1053 3272 incipiente
1074 3188 1241 3271 perfectus.
1274 3194 1439 3273 utraque²⁵

277 3288 423 3355 Partenio
453 3309 617 3375 germanae
639 3311 727 3357 meae
755 3292 820 3356 filio
847 3312 918 3374 pars
941 3292 1095 3375 conuenit,
1126 3292 1177 3357 oui
1207 3291 1246 3357 ad
1275 3313 1409 3359 uouera-

329 3534 344 3587 1
363 3532 530 3603 superiorum
549 3532 564 3585 b
582 3536 610 3586 et
627 3530 711 3586 Sim.
816 3534 979 3603 generalitas
995 3534 1062 3600 fort.
1165 3534 1247 3603 idaia]
1267 3534 1292 3587 ai
1310 3533 1340 3587 Β

276 3652 434 3707 aserenan
453 3650 515 3718 nr,
538 3616 683 3738 {sraelitiei
701 3650 736 3718 B,
761 3650 932 3708 temerino
950 3654 977 3708 r
1064 3654 1083 3708 4
1101 3652 1162 3708 flue
1179 3654 1208 3709 a
1295 3656 1313 3709 s
1331 3656 1409 3709 iubet

277 3756 305 3811 Β
400 3754 556 3825 parthenius
575 3756 632 3810 LV
726 3757 843 3811 §launna
861 3758 972 3826 puerilis
989 3757 1017 3812 Β
1119 3759 1154 3812 10
1172 3760 1291 3827 prestare
1309 3758 1339 3813 Β

278 3850 308 3903 11
328 3849 416 3903 foueto
434 3849 525 3915 P’Tb,
552 3850 638 3905 sonita
655 3850 756 3916 LP¹V‚
782 3852 853 3906 fouit
870 3853 898 3906 Β
1000 3854 1076 3907 ouius
1094 3868 1145 3909 om.
1164 3853 1245 3908 Sim
1346 3872 1409 3911 oon·

277 3946 492 4033 sanguinitarum
511 3946 628 4015 qualitas
647 3950 838 4016 (te—meorum
849 3964 870 4003 a.
881 3948 899 4002 t.
910 3948 975 4002 add.
988 3950 1070 4018 corr.)
1089 3950 1117 4003 Β
1211 3950 1246 4004 12
1263 3949 1409 4005 dedioistes

277 4050 489 4118 (oetaisoorr.)
502 4051 530 4106 Β
623 4052 842 4121 140bseqnornm
855 4053 882 4109 L
957 4054 1103 4140 -porutore
1117 4056 1143 4110 Τ
1232 4057 1265 4111 16
1277 4056 1377 4112 fnitT

328 4168 375 4225 XI.
412 4145 533 4241 eoquod
551 4172 579 4227 Β
681 4174 713 4228 21
733 4188 884 4229 communes
903 4172 942 4228 Βι
1045 4176 1079 4229 22
1097 4176 1181 4245 igniri
1199 4176 1237 4231 Β*
1325 4178 1409 4231 susci-

278 4256 347 4324 petis
365 4255 403 4310 ΒΙ
505 4257 737 4315 auraemalae
