2992 4967
298 346 359 413 142
654 344 767 411 Magni
784 343 912 396 Felicis
929 341 1060 395 ltnnodi

296 536 421 602 iuuetur
437 538 582 618 exposcit.
600 539 725 601 sanctae
741 535 852 599 domus
867 536 992 599 nestrae
1007 534 1199 599 consuetudo
1211 534 1342 614 uulgata
1356 535 1423 609 est:

296 641 392 705 talem
421 639 522 704 uitam
551 640 700 705 bonorum
728 640 855 705 actuum
885 636 1025 703 obsidem
1053 638 1116 701 iam
1145 636 1291 714 dedistis,
1319 654 1425 718 aqua

296 742 385 807 uelut
408 742 549 807 debitum
572 744 680 824 poscat
702 741 757 824 qui
780 740 960 807 calamitate
987 740 1181 823 deprimitur.
1219 738 1347 804 domine
1367 740 1425 813 mi,

296 844 483 929 aucipiantes
509 845 618 929 plenae
641 844 839 910 salutationis
862 842 1045 925 obsequium
1074 840 1169 908 facite
1200 842 1318 907 exorati
1341 842 1425 924 quod

297 949 405 1031 sponte
428 950 614 1027 consuestis,
639 951 674 1014 ut
697 947 751 1031 qui
774 948 888 1013 uestris
910 947 1039 1029 supplex
1067 949 1114 1011 est
1137 944 1227 1010 alteri
1255 964 1329 1009 eum
1358 963 1457 1010 essse

297 1068 357 1115 non
381 1052 482 1119 liceat.

817 1187 902 1255 XXI.

698 1324 809 1381 svluo
829 1323 1023 1381 ENNODIVS.

340 1448 610 1531 adstipulatorem
632 1466 682 1512 me
704 1447 857 1529 opinionis
873 1464 947 1511 suae
969 1446 1036 1511 fieri
1052 1446 1235 1531 magnitudo
1249 1451 1357 1513 uestra
1380 1447 1428 1511 ita

296 1550 523 1632 supplicatione
545 1550 695 1634 postulat,
718 1552 809 1632 quasi
834 1548 874 1615 ad
904 1548 1061 1615 amicitias
1089 1550 1206 1615 recenti
1237 1549 1340 1615 adhuc
1365 1552 1457 1615 simo

297 1654 408 1720 incudo
436 1654 589 1719 formatus
618 1661 673 1718 aut
696 1670 758 1717 non
780 1653 873 1735 genio
894 1671 949 1718 suo
978 1652 1122 1719 defrudet
1149 1653 1203 1735 qui
1231 1653 1427 1735 propositum

301 1758 480 1845 diligentiae
513 1760 571 1823 sub
605 1773 799 1838 quacumque
828 1756 985 1821 occadone
1012 1758 1195 1822 commutat.
1241 1755 1426 1821 mcessata

183 1846 188 1853 ¹
297 1859 483 1925 Christianis
515 1860 653 1925 moribus
684 1861 773 1924 uaria
795 1860 833 1924 de
856 1864 982 1925 amante
1003 1860 1175 1925 sententia:
1204 1859 1259 1941 qui
1286 1858 1427 1924 officium

298 1964 359 2027 oris
380 1963 431 2028 sui
453 1960 645 2028 dedicauerit
666 1960 814 2026 laudibus
836 1961 974 2027 liberum
989 1979 1049 2027 non
1065 1961 1159 2027 habet
1175 1960 1323 2027 inchoata
1337 1962 1425 2027 dese

297 2084 374 2143 rere,
390 2084 428 2131 ne
445 2066 627 2131 dsuenustet
641 2064 776 2147 praelati
791 2064 889 2130 mella
903 2064 1058 2148 praeconii
1077 2064 1203 2131 uilitate
1217 2066 1426 2146 sequentium.
1436 2086 1458 2124 e

298 2172 403 2236 uidero
418 2170 472 2252 qui
488 2169 660 2253 ingenuum
676 2169 783 2235 credat
799 2188 866 2235 esse
881 2169 996 2234 sectari
1011 2170 1201 2235 nouitatem:
1217 2186 1274 2252 ego
1286 2173 1324 2233 ut
1338 2170 1427 2235 tarde

298 2274 415 2339 amicos
430 2274 522 2354 eligo,
546 2273 591 2337 ita
613 2274 645 2338 in
661 2271 709 2337 his
731 2271 1002 2337 indemutabiliter
1016 2289 1186 2355 perseuero.
1209 2272 1289 2337 mihi
1302 2272 1426 2350 adsum,

298 2376 439 2459 quotiens
462 2376 636 2457 opinionem
660 2377 801 2441 uestram
824 2374 918 2441 astris
942 2392 1124 2460 aequauero,
1151 2375 1224 2457 quia
1246 2377 1329 2459 apud
1351 2396 1428 2459 quos

297 2478 398 2562 ignoti
420 2497 527 2545 sumus
551 2479 689 2545 moribus
713 2479 831 2543 nostris
859 2480 897 2545 de
924 2480 1080 2546 sodalibus
1103 2480 1317 2545 aestimamur.
1355 2498 1427 2545 uere

297 2583 398 2648 fateor
426 2581 623 2665 splendorem
654 2582 863 2647 conscientiae
898 2582 1022 2647 uestrae
1057 2580 1159 2647 famae
1187 2580 1256 2647 uice
1284 2581 1457 2664 eopiosuse

298 2685 410 2753 effudi:
434 2690 508 2751 ante
531 2685 703 2752 aduentum
726 2684 872 2750 culminis
894 2684 942 2749 tui
964 2683 1110 2766 obsequio
1133 2684 1285 2749 sermonis
1308 2686 1374 2752 mei
1397 2686 1427 2749 in

298 2790 428 2874 Liguria
450 2789 560 2872 quanti
583 2790 693 2853 essetis
708 2788 857 2854 innotuit.
881 2791 937 2855 deo
960 2788 1090 2873 gratias,
1114 2790 1167 2871 qui
1183 2804 1256 2855 cum
1268 2790 1428 2854 sentemis

298 2910 369 2957 mea
389 2892 628 2974 generalitatem
651 2891 728 2957 fecit
749 2890 866 2957 habere
894 2892 1100 2957 concordiam.
1144 2892 1267 2957 utinam
1290 2910 1342 2956 me
1365 2910 1426 2957 uon

299 2994 480 3059 humiliaret
502 2996 669 3077 paupertas
692 2994 823 3076 eloquii!
847 2994 917 3076 plus
934 2994 1049 3061 habent
1070 2997 1145 3059 uota
1159 2993 1338 3059 demeritis
1352 2996 1425 3068 tuis,

299 3114 393 3179 quam
416 3096 553 3178 proferat
581 3097 690 3180 lingua
710 3098 747 3161 de
770 3096 931 3163 laudibus:
960 3098 1051 3180 inops
1072 3096 1234 3163 facundiae
1257 3115 1314 3179 per
1335 3115 1456 3179 queso

352 3296 528 3351 liubeturB
624 3299 769 3353 2sctde
863 3299 1058 3368 3depremitur
1071 3298 1098 3353 B
1192 3300 1262 3353 mihi
1275 3300 1363 3354 BLV

298 3384 316 3437 4
341 3383 499 3453 accipientes
523 3384 585 3447 Pb,
614 3385 769 3451 accipientis
794 3385 883 3448 BLV,
913 3386 1043 3455 accipiens
1070 3388 1094 3439 Τ
1193 3388 1271 3457 plene
1294 3388 1322 3456 (e
1344 3391 1426 3451 corr.)

299 3472 333 3539 B,
362 3471 440 3539 plene
460 3470 513 3525 TV
606 3471 707 3523 exorari
726 3470 782 3535 Le,
808 3472 927 3525 exoranti
946 3472 989 3525 Pb
1084 3472 1101 3526 5
1120 3472 1297 3527 consueuistis
1316 3474 1360 3528 Pb

299 3555 384 3611 uestri
403 3556 445 3611 Pb
459 3556 551 3623 (salso,
571 3572 635 3609 aaut
654 3556 751 3609 uestris
765 3573 820 3625 pro
839 3546 937 3609 uestris
949 3556 1042 3612 amicis
1061 3558 1144 3625 dixit)
1236 3558 1361 3629 illiceat]
1380 3544 1427 3628 exp

298 3641 364 3699 add.
384 3641 411 3694 Β

350 3744 421 3799 XXI.
459 3746 475 3798 9
499 3745 649 3813 oppinionis
671 3744 698 3798 L
800 3745 859 3801 tisri
875 3762 927 3801 osu.
945 3746 1027 3801 Sirm.
1131 3749 1313 3804 manierias
1332 3750 1360 3807 L

300 3832 332 3885 11
352 3828 472 3883 detrudit
490 3829 525 3896 B,
554 3828 693 3885 defraudat
710 3830 781 3887 PTb
884 3834 1051 3900 propositum
1063 3850 1142 3889 snum
1163 3836 1191 3890 V
1203 3836 1252 3891 ssd
1268 3852 1348 3893 suum
1366 3853 1426 3905 exp.

299 3934 333 3971 m.
351 3920 367 3970 1
467 3916 501 3969 12
518 3916 654 3971 occasione
671 3917 709 3972 L¹
814 3917 1000 3974 lacerationis
1020 3920 1047 3975 Β
1147 3922 1181 3975 14
1198 3922 1252 3976 oris
1273 3922 1347 3976 Vise
1364 3938 1426 3985 rus,

299 4002 382 4056 mosis
404 4002 431 4055 B
536 4001 591 4055 suls
616 4002 643 4056 P
746 4005 778 4057 16
804 4002 944 4073 ingenium
971 4005 1055 4061 Siras.
1159 4008 1191 4062 ll
1211 4008 1313 4061 amicus
1333 4008 1360 4063 Β

299 4085 508 4143 immutabiliter
535 4088 606 4143 PTb
716 4090 751 4144 20
774 4090 847 4144 uiae
863 4097 891 4156 (a
908 4096 990 4160 eras)
1014 4090 1041 4146 L
1144 4093 1265 4161 copiosus
1289 4093 1329 4158 Β,
1356 4096 1428 4163 oepi-

299 4176 371 4230 osius
389 4174 416 4231 L
434 4177 463 4242 (u
481 4176 513 4229 iss
530 4180 596 4243 ras.)
616 4176 714 4232 PTVb
817 4176 850 4232 21
869 4177 968 4233 effundi
985 4179 1056 4235 Pru
1154 4178 1189 4233 22
1206 4178 1302 4234 essitas
1321 4178 1362 4233 Βι

299 4262 332 4316 25
351 4262 429 4317 inobs
449 4262 475 4316 Τ
