2992 4967
290 367 318 425 11

290 540 406 624 partim
427 542 512 608 recte
533 542 726 621 emendarit,
756 545 873 627 partim
895 546 1075 614 coniectura
1095 568 1244 632 peruersa
1265 552 1420 618 mutauit

290 643 486 728 Quamquam
514 644 612 729 igitur
634 643 884 714 Uindobonensis
906 649 1046 717 bonitate
1067 651 1334 738 Bambergensem
1354 670 1421 719 non

290 749 418 832 aequat,
447 750 555 813 tamen
583 748 712 815 minime
741 751 930 833 spernendus
952 753 1016 833 eet,
1045 771 1116 819 oum
1139 753 1250 821 borum
1273 756 1423 822 codicum

290 868 463 930 consensus,
487 851 651 934 inprimis
673 852 707 917 in
729 853 810 920 libro
832 854 967 922 secundo
990 860 1021 921 et
1036 856 1140 936 tertio,
1162 876 1219 941 pro
1234 876 1298 923 nnc
1312 860 1424 925 codice

290 972 384 1038 eoque
406 958 480 1021 satie
504 958 630 1039 antiquo
652 958 867 1024 aestimandus
888 958 977 1042 sit1).

259 1101 283 1157 0
332 1093 404 1161 (bd.
428 1096 608 1161 monasterii
630 1094 942 1165 Cremifanensis
959 1098 992 1165 in
1007 1098 1139 1167 dustria
1153 1100 1320 1183 supenore,
1337 1102 1424 1184 sign.

289 1218 318 1265 n.
342 1198 393 1279 36,
423 1216 502 1264 seeo.
524 1198 597 1279 XII,
626 1201 811 1280 membran,
841 1200 943 1269 forma
971 1202 1141 1286 quadrata,
1170 1202 1321 1268 foliorum
1343 1202 1421 1270 252.

288 1300 447 1369 Uictorem
484 1304 640 1369 antecedit
672 1302 833 1371 Ambrosii
872 1305 1107 1387 Hexaemeron,
1146 1304 1288 1389 seqnitur
1324 1304 1423 1371 Pauli

289 1405 428 1471 historia.
459 1404 644 1472 simillimus
668 1412 716 1473 ost
738 1406 981 1487 Uindobonensi,
1005 1410 1195 1474 nontamen
1219 1428 1256 1474 ex
1278 1426 1314 1473 eo
1338 1408 1422 1474 deri·

288 1512 388 1576 natus.
422 1508 620 1576 Lectionibus
645 1510 745 1591 enim,
770 1528 844 1595 quas
868 1529 939 1577 oum
974 1510 1085 1577 Vsolo
1108 1529 1288 1577 communes
1309 1511 1421 1595 habet,

287 1612 365 1679 aliae
388 1612 470 1679 hand
491 1630 605 1697 paucae
627 1616 804 1700 repugnant
825 1632 954 1697 prorsus
977 1616 1127 1682 diuersae.
1161 1614 1263 1696 Quam
1285 1614 1326 1679 ob
1349 1632 1419 1679 rem

289 1736 325 1783 ex
354 1719 460 1783 eodem
489 1716 574 1783 sonte
602 1718 768 1802 utrumque
789 1717 917 1784 fluxisse
937 1720 1022 1800 puto.
1054 1718 1149 1783 Liber
1171 1714 1421 1783 Gremifanensis

288 1823 370 1887 inter
401 1823 532 1905 optimos
566 1822 775 1887 numerandus
809 1826 873 1901 est,
908 1838 978 1887 cum
1010 1822 1174 1900 librarius,
1207 1822 1262 1905 qni
1285 1839 1422 1887 eumer

289 1924 456 2008 archetypo
479 1926 605 1990 uetusto
619 1922 794 2008 descripsit,
818 1942 948 1990 munere
960 1942 1017 1990 eno
1033 1924 1276 2009 diligentissime
1291 1924 1423 1989 uncus

288 2029 339 2093 sit.
369 2028 533 2093 Praeterea
554 2028 591 2105 ie,
615 2027 667 2111 qui
691 2027 814 2093 saeculo
837 2028 933 2094 tertio
955 2028 1078 2093 decimo
1100 2031 1137 2092 nt
1158 2027 1285 2092 uidetur
1299 2026 1420 2092 codicis

289 2130 474 2197 emendandi
495 2148 571 2213 opus
594 2132 742 2213 suscepit,
765 2132 960 2197 coniecturae
982 2130 1103 2213 aliquot
1115 2132 1258 2215 egregias
1272 2130 1309 2193 in
1323 2147 1420 2195 usum

290 2238 413 2301 nostrae
435 2234 581 2301 editionis
603 2234 825 2318 suppedituuit
849 2232 897 2300 Ui.
913 2234 957 2315 ΙΙ,
972 2234 1024 2301 31.
1048 2235 1178 2312 111,10.
1199 2234 1247 2299 12.

246 2368 282 2425 W
332 2360 405 2429 Uod.
427 2362 745 2430 Uindoboneneis
767 2363 842 2438 408,
879 2362 955 2429 olim
983 2362 1216 2442 admontensis,
1251 2382 1332 2429 saec.
1357 2362 1414 2441 XI,

290 2467 430 2545 membr„
446 2466 563 2532 formae
578 2465 713 2546 maioris,
729 2466 782 2533 fol.
800 2464 874 2531 189.
899 2465 1062 2533 Uictorem
1077 2466 1264 2532 antecedunt
1275 2464 1418 2551 Thegani

290 2570 357 2635 nita
366 2569 518 2635 Ludonici
528 2570 579 2635 Pii
596 2572 627 2635 et
637 2568 806 2654 Reginonis
818 2568 1012 2635 Prumiensis
1024 2568 1198 2634 chronicon
1212 2568 1252 2636 ab
1263 2588 1418 2653 anonymo

291 2672 504 2740 continuatum
519 2692 616 2758 usque
632 2677 670 2740 ad
686 2693 713 2740 a
729 2674 802 2741 eet.
835 2672 1184 2757 Winterpolationibus
1199 2672 1418 2739 audacioribus

290 2792 349 2841 non
372 2779 473 2853 uacat,
496 2776 676 2843 melioribus
700 2780 805 2843 autern
827 2778 939 2859 utique
960 2775 1214 2841 adnumerandus
1237 2777 1295 2841 est.

240 2912 278 2967 1
332 2904 405 2973 Uod.
421 2907 476 2974 lat.
492 2905 742 2973 Monacensis
757 2904 854 2985 2545,
875 2906 952 2973 olim
967 2903 1229 2989 Alderspacensis,
1244 2922 1326 2971 saec.
1341 2904 1417 2989 XII,

291 3009 431 3095 membr,
448 3009 566 3077 formae
580 3008 758 3093 quadratae,
781 3006 834 3075 fol.
855 3008 926 3076 127.
948 3006 1096 3077 Continet
1117 3011 1241 3092 praeter
1255 3006 1417 3073 Uictorem

290 3113 393 3179 Bedae
428 3112 651 3197 expositionem
685 3130 778 3197 super
810 3116 898 3178 actus
926 3108 1145 3197 apostolomm,
1175 3110 1288 3177 Isidori
1310 3110 1416 3176 solilo-

291 3216 433 3299 quiorum
454 3216 549 3285 libros
571 3218 615 3295 ΙΙ,
638 3214 751 3281 Leonis
784 3232 881 3300 papae
905 3233 1079 3281 sermonem
1109 3215 1146 3279 de
1169 3212 1229 3280 tide
1251 3211 1417 3280 catholica.

395 3461 413 3523 ¹)
432 3458 463 3512 In
492 3457 652 3512 lectionibue
678 3457 797 3513 codicum
821 3456 879 3511 BV
901 3455 1040 3510 enotandis
1068 3456 1192 3514 Halmius
1215 3470 1415 3524 nonnumquam

292 3544 399 3598 errauit.
423 3544 454 3599 ΙΙ.
466 3560 493 3613 g.
506 3543 528 3609 Ι,
547 3544 564 3597 4
583 3543 680 3599 Bnon
698 3542 899 3609 habetdeum,
918 3542 963 3597 sed
981 3542 1082 3611 mma,
1099 3543 1123 3607 1,
1142 3544 1172 3596 11
1192 3558 1270 3611 qaue,
1288 3542 1310 3608 1,
1329 3544 1362 3597 16
1378 3540 1414 3595 ad

290 3630 437 3699 sepulture,
461 3630 483 3695 Ι,
497 3629 530 3683 22
543 3628 716 3698 ecapiermur
728 3630 778 3698 (sio
789 3628 871 3683 etiam
886 3628 934 3696 V),
957 3628 980 3696 1,
992 3628 1026 3684 35
1036 3628 1152 3692 semesi,
1176 3628 1199 3693 1,
1212 3626 1247 3681 42
1259 3626 1414 3687 masada

291 3718 314 3783 Ι,
333 3718 368 3771 43
384 3716 522 3784 diruptae.
552 3714 719 3784 Ubicumque
743 3732 807 3785 ergo
832 3716 900 3770 aliae
924 3718 1005 3785 etque
1027 3714 1151 3769 Halmius
1169 3714 1298 3769 lectiones
1314 3728 1345 3766 er
1363 3712 1415 3765 BV

291 3802 386 3869 attuli,
413 3803 453 3857 its
476 3802 505 3857 iu
529 3802 567 3857 eis
592 3802 647 3870 legi
673 3802 804 3857 contendo
821 3806 854 3857 ut
872 3818 888 3855 a
904 3818 947 3855 me
963 3802 1115 3857 indicatum
1131 3804 1185 3865 est,
1211 3799 1293 3868 idque
1313 3800 1414 3866 optimo

291 3892 361 3955 iure,
387 3906 447 3945 cum
474 3889 537 3945 illos
564 3888 666 3944 codices
694 3888 774 3943 semel
797 3891 878 3957 atque
902 3889 1001 3943 iterum
1022 3887 1230 3958 diligentissime
1247 3885 1411 3939 monuerim

292 3978 329 4031 At
347 3976 429 4031 etiam
448 3975 479 4031 de
497 3974 566 4029 libro
585 3975 722 4043 Berneusl‚
745 3990 822 4044 quern
842 3990 901 4028 rarc
924 3976 1032 4029 tanturn
1050 3973 1180 4040 laudauit,
1196 3972 1267 4025 falsa
1284 3986 1412 4025 nonnum-

293 4078 371 4131 quam
390 4060 498 4115 rettnlit
515 4060 559 4115 uir
577 4059 695 4131 alioquin
713 4058 745 4114 de
764 4058 874 4115 Uictore
892 4060 1087 4116 meritissimae
1121 4054 1411 4119 Iaenimliber1,32
1487 4103 1488 4116 ,

292 4164 344 4201 non
362 4146 443 4201 hebet
460 4148 626 4213 conmercia,
645 4146 690 4201 sed
708 4148 865 4214 conuecta„
884 4146 921 4212 11,
932 4146 965 4201 31
984 4162 1036 4200 non
1048 4146 1192 4213 campesi,
1211 4144 1257 4199 sed
1274 4158 1409 4211 oocapmq

293 4233 330 4297 11,
349 4232 382 4286 54
407 4248 459 4285 non
487 4232 663 4297 Mammea,
690 4232 737 4286 sed
763 4230 916 4298 mter,
942 4230 978 4299 Π,
998 4232 1031 4285 ta
1055 4232 1082 4285 tn
1101 4244 1200 4286 eonon
1219 4228 1316 4284 desum
1332 4226 1409 4281 amba

288 4320 383 4387 percu
399 4320 550 4375 intime.
570 4358 576 4373 .
596 4320 805 4388 ¹oereerctioce'a.
