2992 4967
274 361 318 428 42
633 357 747 428 Magni
765 357 892 413 Felicis
911 357 1042 411 Ennodi

275 549 452 626 mittantur,
475 547 617 614 uicinum
639 549 676 613 tit
698 567 754 614 nee
776 550 915 631 contingi
937 548 1012 614 licet
1034 565 1125 612 omne
1146 547 1227 629 qnod
1250 546 1403 629 cupiant!

276 655 314 718 ad
342 651 539 717 'ficinensem
572 654 681 719 urbem
714 653 856 718 uotinam
889 668 1081 732 susceperam
1114 650 1335 714 necessitatem
1367 655 1403 713 et

276 756 398 820 molesti
420 753 542 820 itineris
558 754 704 820 uniuersa
719 757 916 832 transieram,
938 753 1117 818 existimans
1133 753 1192 818 hoe
1207 752 1403 818 sacerdotem

275 858 396 922 credere
419 859 481 921 suis
504 856 643 939 imperiis
666 857 794 938 inpendi
817 856 897 938 qnod
912 875 980 921 meo
996 855 1155 920 militabat
1169 857 1305 935 affectui,
1328 874 1404 920 cum

274 958 377 1024 subito
400 960 484 1025 cirea
504 965 604 1026 metas
627 963 772 1026 uotorum
795 979 917 1024 summo
939 959 1044 1024 labore
1063 960 1181 1040 petitus
1196 958 1260 1024 iam
1275 959 1314 1023 de
1328 977 1402 1024 area
1424 985 1438 1023 a

274 1060 394 1126 fructus
422 1060 543 1143 effugit.
581 1081 635 1144 pre
664 1063 766 1138 dolor,
800 1061 854 1143 qui
876 1081 927 1127 me
949 1061 987 1124 de
1010 1059 1169 1142 epistolari
1196 1060 1334 1142 alloquio
1357 1062 1402 1126 ad

274 1165 466 1247 tragoediam
482 1167 589 1229 necas!
604 1181 709 1231 muros
723 1165 921 1229 uenerandae
932 1167 1002 1247 post
1013 1163 1173 1247 religionis
1187 1163 1259 1230 loca
1269 1167 1400 1245 propter

273 1269 305 1332 tc
329 1265 467 1332 ciuitatis
497 1285 683 1350 aspexeram,
717 1268 781 1333 iam
804 1269 888 1351 grati
915 1266 1063 1350 parabam
1096 1266 1193 1331 uerba
1225 1265 1400 1348 conloquii:

274 1387 380 1434 ncreor
396 1357 500 1435 dicere
513 1370 595 1452 quod
611 1371 769 1444 remansit,
797 1390 836 1434 ne
851 1370 1004 1453 loquendo
1020 1386 1112 1453 cogar
1127 1370 1227 1433 denuo
1243 1370 1402 1434 sustinere

272 1473 440 1539 transacta
461 1474 626 1538 inlustrem
641 1474 743 1537 uirum
757 1473 880 1550 Fadum,
896 1491 987 1554 quem
1002 1489 1053 1535 me
1067 1476 1114 1548 tn,
1130 1472 1277 1537 ecelesiae
1292 1473 1399 1549 decas,
1410 1502 1437 1540 to

271 1577 444 1643 desiderare
467 1578 591 1655 feceras,
614 1579 788 1659 inprouisus
810 1576 908 1641 oculis
931 1595 1021 1640 casus
1038 1577 1180 1661 ingessit.
1203 1575 1250 1641 ibi
1265 1578 1400 1642 comites

271 1679 335 1746 mei
358 1680 463 1744 nidere
486 1680 560 1762 qnid
582 1681 736 1762 peterem:
760 1680 803 1746 ibi
821 1679 919 1745 animi
935 1681 996 1744 mei
1011 1684 1115 1744 aestus
1138 1681 1287 1756 innotuit,
1303 1698 1400 1762 quem

271 1786 344 1848 ante
355 1783 412 1847 snb
422 1783 597 1864 praedictae
609 1783 790 1848 claudebam
802 1783 1088 1866 umbrapersonae:
1106 1783 1223 1848 nesciui
1238 1784 1399 1848 occultare

243 1963 247 1972 ι
271 1903 327 1969 per
349 1885 487 1950 caritatis
509 1885 665 1949 tormenta
687 1887 769 1968 quod
792 1886 878 1950 nolui
903 1904 956 1949 nec
978 1887 1057 1950 lucis
1078 1887 1235 1968 aliquibus
1258 1887 1398 1952 colorare

270 1987 500 2054 conscientiam.
524 1993 714 2054 maerentem
737 2009 787 2054 me
808 1989 848 2053 ad
869 1989 995 2054 domum
1012 1990 1137 2054 reduxit
1150 1991 1204 2071 qui
1217 1988 1431 2071 prolixioriss

270 2089 390 2156 itineris
413 2109 521 2157 causas
543 2093 662 2158 incidit.
688 2092 884 2174 fatigationis
908 2109 996 2157 meae
1018 2093 1116 2157 fateor
1139 2093 1312 2174 conpendia
1333 2110 1399 2157 non

270 2196 383 2258 amaui.
407 2212 476 2260 eece
493 2197 752 2260 contestationem
776 2195 958 2279 diligentiae
981 2214 1068 2262 meae
1082 2199 1115 2261 et
1129 2197 1244 2262 mentis
1258 2197 1395 2263 adsensi.

269 2301 411 2363 nestrum
434 2302 491 2379 est,
515 2300 541 2363 si
557 2317 631 2363 nera
646 2299 787 2382 dixerim,
810 2315 865 2362 uos
880 2301 1072 2382 interrogare
1086 2301 1119 2364 et
1133 2302 1273 2364 animum
1289 2319 1397 2364 meum

270 2399 440 2466 affectionis
462 2402 584 2468 nestrae
606 2401 824 2468 aestimatione
846 2419 1038 2482 cognoscere.
1067 2402 1193 2468 domina
1216 2405 1269 2481 mi,
1293 2402 1396 2466 saluto

269 2505 302 2567 et
324 2503 476 2585 deprecor,
501 2507 536 2570 ut
559 2505 659 2570 libens
680 2524 736 2587 per
758 2507 966 2587 praesentium
989 2507 1171 2586 portitorem
1198 2507 1429 2592 suggerendae

269 2621 441 2686 cognoscas.

793 2727 870 2792 IIII.

642 2859 828 2916 Ennomus
853 2860 1018 2917 OLYBRIO.
1113 2899 1118 2908 .

310 2983 398 3049 Nulli
420 2983 551 3050 dubium
573 2986 621 3050 cst
643 2985 724 3050 inter
746 2986 914 3067 prudentes
938 3003 1043 3051 sacrae
1067 2985 1159 3052 fidem
1176 2988 1393 3070 promissionis

266 3085 382 3167 inpleri
409 3091 440 3150 et
469 3086 653 3170 amicitiam,
688 3105 768 3168 quae
789 3087 945 3153 fertilibus
973 3090 1021 3153 est
1048 3092 1196 3155 maritata
1216 3090 1427 3170 fomitibusas

267 3187 425 3252 fructuum
447 3188 612 3254 nobilitate
635 3190 778 3274 gaudere.
801 3208 858 3275 ego
881 3191 1103 3257 conscientiam
1118 3193 1256 3258 uestram
1271 3197 1392 3278 appello

319 3409 334 3460 1
362 3382 463 3477 eonti'gi
492 3409 519 3463 Β
632 3409 803 3465 Βιίοίιιοιιεὸ
829 3411 855 3464 Τ
882 3417 962 3466 nense
980 3413 1012 3466 ia
1028 3429 1083 3467 ras.
1102 3415 1175 3467 m.2
1278 3413 1345 3470 urbe
1368 3417 1395 3470 T

264 3493 296 3546 ia
312 3507 363 3562 mg.
382 3493 448 3551 add.
464 3497 533 3549 ua
630 3498 789 3565 snsoipsram
810 3497 836 3549 Β
933 3499 951 3551 3
968 3499 1086 3552 uniuersi
1104 3501 1215 3554 LPV'b
1309 3503 1392 3555 acati·

265 3593 340 3632 mans
358 3579 439 3634 Sirm.
543 3579 663 3649 dcirca]
687 3585 781 3635 contm
805 3583 821 3636 b
923 3584 938 3636 7
965 3585 1127 3653 traquidiam
1154 3586 1194 3653 Β,
1222 3588 1390 3656 tragoeidnm

264 3665 292 3719 Β
394 3664 540 3720 ueneranda
567 3667 595 3720 B
697 3668 730 3721 10
756 3669 831 3724 ardui
857 3670 999 3736 BLPTV,
1025 3687 1089 3740 ergo
1110 3673 1139 3736 ba
1165 3687 1215 3725 aaa.
1238 3673 1322 3728 Sim.

264 3766 307 3805 me
318 3753 362 3820 tu]
379 3754 468 3806 metus
485 3751 512 3806 B
530 3751 578 3807 aed
596 3769 612 3806 a
629 3768 699 3808 corr.
713 3753 828 3810 uidetur
925 3757 956 3810 11
973 3757 1080 3810 comitis
1092 3757 1145 3811 mai
1163 3757 1190 3811 Β
1286 3759 1319 3813 12
1337 3759 1391 3813 mei

263 3869 313 3908 om.
331 3853 359 3907 Β
466 3855 500 3909 13
517 3868 627 3924 persone
643 3855 671 3910 Β
780 3860 813 3912 15
830 3842 965 3914 coniciam
985 3859 1011 3914 T
1024 3860 1056 3913 in
1072 3877 1128 3915 raa.
1152 3863 1226 3915 rat
1338 3877 1391 3915 me

263 3974 365 4026 renem
382 3971 488 4029 nana
571 3977 768 4045 peremensa
864 3953 1088 4048 resuspirant
1183 3981 1215 4034 re
1232 3980 1389 4036 assatam

262 4075 289 4129 L
387 4077 425 4131 mi
444 4060 521 4132 eam
541 4079 568 4132 T
580 4096 659 4145 com,
676 4080 744 4134 milri
757 4081 865 4146 ΒΜ,
883 4081 1007 4138 mielniP
1101 4083 1308 4152 20praasntium
1323 4084 1351 4137 Β

314 4179 381 4234 1111.
416 4181 451 4236 23
477 4181 575 4237 olibrio
602 4183 628 4237 T
735 4184 772 4238 bb
797 4183 973 4238 lormitilibns
997 4185 1025 4239 B
1135 4186 1170 4240 26
1192 4185 1297 4241 frustm
1321 4187 1387 4241 Lu

262 4281 332 4320 crac.
440 4267 583 4322 nobilitare
603 4269 629 4321 Τ
