2992 4967
270 334 332 399 224
623 328 736 400 Magni
754 330 882 384 Felicis
900 330 1029 383 llnnodi

270 521 435 587 saturitate
456 518 606 601 paginae,
640 520 666 583 si
693 518 895 601 repudientur
922 517 961 583 ab
990 518 1204 599 inpetratione,
1227 518 1385 583 ieiunant:

269 624 339 705 plus
360 621 502 687 felicibus
536 621 674 704 epistolis
706 622 837 687 debetur
860 620 999 686 laudatio
1033 639 1126 702 qnam
1159 622 1277 703 peritis.
1320 622 1387 685 iure

271 727 408 808 loquitur
431 724 534 791 uerbis
557 725 657 790 nitore
681 724 869 790 sublimibus
891 724 946 807 qui
967 728 1138 789 summates
1159 725 1243 789 uiros
1265 723 1389 789 doesdl

269 828 432 893 uenustate
457 829 609 909 captiuat:
653 827 784 909 qnoduis
819 830 987 892 oratorium
1019 827 1147 892 schema
1175 827 1302 892 sinistra
1322 827 1389 890 fors

268 932 413 1013 dissipat:
448 930 573 996 ditescit
606 930 690 995 enim
718 930 828 1012 lingua
856 930 976 994 nutrita
998 928 1163 994 beneficiis.
1208 930 1325 994 dudum
1348 928 1424 993 ads

269 1034 471 1099 eminentiam
499 1036 635 1099 uestram
669 1032 766 1098 direrri
797 1032 1015 1114 qualicumque
1043 1032 1172 1097 audacia
1199 1032 1391 1114 producente

268 1136 475 1219 conloquium,
499 1141 578 1220 quod
602 1138 648 1201 ita
669 1138 806 1219 responsi
829 1137 921 1218 genio
944 1135 1149 1213 subleuastis,
1175 1139 1212 1200 ut
1233 1133 1391 1198 crederem

268 1259 317 1304 me
345 1240 515 1323 perdidisse
550 1239 636 1324 digni
669 1240 785 1305 fauoris
820 1242 961 1325 tempora
992 1258 1048 1323 per
1081 1238 1232 1321 quietem,
1266 1238 1390 1320 quaudo

142 1334 147 1344 '
269 1344 408 1408 modicus
431 1344 523 1407 sudor·
546 1342 694 1407 iudicium
717 1344 970 1409 arcem‘teneutis
992 1342 1151 1408 inlexerat.
1174 1338 1389 1423 promiseratis

267 1448 361 1510 etiam
390 1433 526 1523 domum,
564 1464 656 1528 quarn
689 1464 899 1531 poposceram,
936 1464 997 1510 non
1025 1448 1207 1529 negandam.
1253 1443 1388 1527 geminis
1398 1464 1424 1503 ra

268 1550 409 1614 eleustus
432 1548 621 1615 successibus
644 1549 836 1628 incedebam,
871 1548 899 1613 si
921 1549 952 1612 et
974 1548 1076 1630 opinio
1098 1548 1225 1630 perfecti
1247 1544 1386 1628 adstipu-

267 1654 381 1718 latione
404 1655 436 1718 et
459 1671 568 1718 census
584 1652 819 1735 locupletissimi
836 1654 982 1717 credisset
998 1651 1150 1733 inpendio.
1174 1650 1228 1714 sed
1250 1647 1389 1712 detestor

267 1775 395 1831 moram,
419 1775 512 1839 quam
528 1756 648 1820 sterilia
663 1756 788 1839 quidem
805 1758 929 1839 peccata
943 1756 1136 1838 pepererunt.
1159 1772 1231 1819 nam
1246 1756 1277 1817 et
1294 1751 1389 1816 homo

269 1859 415 1924 culminis
438 1860 536 1923 uestri
560 1878 649 1941 quem
673 1858 884 1940 praestolabar
906 1856 1042 1939 aduenit,
1067 1859 1099 1921 et
1121 1856 1200 1921 nihil
1214 1854 1276 1919 sibi
1298 1873 1389 1919 man-

268 1948 375 2026 datum
406 1980 488 2040 esse,
522 1961 603 2044 quod
632 1959 793 2025 desideriis
822 1962 899 2024 meis
927 1960 1072 2043 prodesse
1101 1960 1214 2041 posset,
1238 1957 1387 2023 adseruit.
1400 1978 1424 2016 rs

267 2064 338 2128 uide
360 2064 543 2129 meritorum
565 2082 705 2128 meorum
728 2063 816 2127 fusca
837 2066 1029 2129 commercia:
1054 2081 1184 2145 quorum
1207 2062 1315 2125 contra
1337 2078 1389 2124 me

267 2166 399 2232 nitentia
420 2167 514 2231 fidem
538 2166 680 2252 frangere
702 2168 870 2250 nequeunt,
894 2166 1020 2249 exigunt
1041 2164 1234 2230 tarditatem.
1259 2162 1342 2227 absit
1365 2182 1385 2227 a

268 2270 454 2334 conscientia
476 2288 546 2334 mea
569 2269 606 2333 de
628 2273 749 2334 uestrae
765 2269 905 2334 claritate
922 2266 1079 2332 diffidere:
1102 2269 1250 2333 obscenae
1267 2265 1384 2329 mentis

266 2377 314 2436 est
336 2378 446 2455 putare
469 2372 631 2437 constituti
646 2374 828 2437 memoriam
850 2389 912 2436 nou
927 2390 1060 2435 manere.
1083 2370 1137 2435 sed
1158 2386 1242 2453 rogo,
1259 2372 1295 2433 ut
1310 2370 1387 2433 dum

267 2476 415 2559 propositi
444 2476 541 2541 uestri
569 2476 671 2540 lucem
705 2476 858 2555 adseritis,
893 2493 999 2540 eorum
1031 2490 1108 2557 quae
1130 2472 1209 2537 mihi
1231 2470 1422 2535 debenturao

266 2580 395 2644 obscura
429 2580 588 2662 superetis.
635 2596 707 2661 ergo
740 2579 943 2661 praestationi
982 2580 1102 2643 uestrae
1141 2576 1267 2660 genium
1305 2576 1385 2641 dono

267 2681 435 2748 celeritatis
459 2680 624 2746 infundite.
646 2680 770 2745 domine
786 2678 839 2758 mi,
866 2681 984 2745 cultum
1001 2678 1198 2746 salutationis
1213 2677 1384 2761 inpertieus

265 2804 369 2868 preces
393 2785 502 2863 adicio,
526 2786 562 2851 ut
577 2784 768 2849 consularem
785 2783 955 2867 sportulam
972 2801 1042 2848 cum
1057 2799 1201 2867 responso
1223 2779 1384 2865 praefatae

265 2888 425 2971 petitionis
449 2888 609 2969 accipiam.

318 3192 493 3262 rrspuoruna
512 3192 539 3247 Β
641 3194 785 3248 ausonam
801 3194 829 3247 Β
932 3193 1107 3247 esummacra
1124 3190 1151 3245 Β
1253 3156 1386 3258 ΜΒΓ

267 3299 293 3353 J.
396 3314 480 3351 acerna
497 3297 525 3350 Β
626 3298 692 3352 foris
712 3300 758 3365 P,
786 3314 841 3352 sors
859 3298 907 3352 Pb
1009 3297 1159 3352 oditiscet
1178 3294 1206 3348 Β
1309 3292 1386 3379 imunt

266 3403 359 3471 lingua
385 3402 413 3454 Β
524 3402 640 3454 duram
666 3400 693 3455 Β
802 3403 992 3471 qualecumque
1018 3401 1046 3454 Β
1153 3398 1264 3453 audatia
1291 3396 1318 3450 Β

266 3502 463 3559 teubleuasces
480 3504 508 3557 Β
594 3504 719 3561 crodirsm
736 3505 765 3559 B
858 3505 975 3574 8digne
991 3505 1019 3559 Β
1114 3503 1273 3559 9inlirerat
1291 3502 1319 3557 B

266 3608 296 3663 ll
315 3607 463 3662 incidebam
481 3607 507 3661 Β
610 3609 633 3662 si
651 3610 704 3662 eta*
721 3609 748 3663 L
861 3609 893 3663 13
909 3609 1063 3679 peperirrrnt
1081 3608 1108 3663 Β
1217 3607 1250 3661 14
1266 3608 1387 3675 praestu-

264 3710 378 3765 labarB
456 3710 487 3764 15
500 3710 624 3779 possitB
705 3712 873 3770 reducem.
886 3713 912 3766 Β
990 3714 1040 3781 me]
1054 3713 1091 3766 mi
1104 3710 1131 3765 Β
1212 3708 1244 3765 17
1256 3713 1387 3779 quaesunt

264 3813 292 3866 Β
394 3813 504 3881 exigunt
530 3828 581 3868 om.
607 3814 634 3868 Β
735 3814 864 3870 tarditate
890 3818 929 3870 mi
954 3814 982 3869 Β
1093 3814 1386 3880 recreassent

265 3913 308 3969 Pb
407 3916 440 3969 19
457 3916 547 3983 potare
565 3916 592 3969 Β
695 3914 729 3973 Β)
746 3917 872 3972 adseretis
890 3916 980 3985 BLV,
1006 3917 1129 3973 asseratis
1149 3914 1185 3972 Β
1287 3915 1320 3969 21
1340 3930 1385 3967 su·

265 4038 365 4105 perses
383 4036 410 4089 Β
501 4037 535 4091 aa
553 4039 695 4095 serasera
708 4041 747 4107 (aa
764 4041 795 4095 a
808 4044 874 4107 rae.)
891 4039 919 4094 Β
1016 4012 1132 4095 rariore
1150 4037 1178 4093 n
1276 4036 1315 4090 mr
1333 4034 1383 4099 Pe,

264 4122 343 4223 ier,
369 4155 436 4211 mur
453 4156 541 4213 ΒΒν
630 4158 664 4215 aa
681 4175 786 4230 praeta
803 4160 831 4214 Β
920 4160 1066 4246 sparsor
1151 4159 1272 4229 spana
1287 4160 1316 4215 Β

264 4258 448 4329 antuerpiam
465 4262 493 4317 Β
