2992 4967
492 351 728 421 Epistularum
749 350 840 407 liber
855 351 919 407 vn.
1205 352 1266 419 18?

142 560 199 607 uos
220 560 329 608 uoosm
355 541 506 626 snpplieis
528 543 689 625 gratanter
717 542 866 625 assipite,
893 543 931 608 ut
958 542 1012 624 ori
1039 541 1122 606 tanti
1150 539 1267 607 fasoem

141 646 257 713 laboris
280 645 416 729 adripuit
438 644 637 710 oonnslssoat
659 644 780 710 effectu.

637 831 774 897 XVIIII.

475 964 711 1022 SIMPLIOIANO
737 964 931 1023 eunome,

116 1114 132 1154 s
185 1088 292 1155 Diuini
314 1088 429 1155 fauoris
452 1087 631 1154 adiumento
654 1087 881 1153 adnleseentiae
902 1089 974 1153 tuas
995 1088 1174 1155 rudimenta
1190 1088 1263 1154 soli·

142 1193 271 1259 dentur:
301 1194 366 1276 ipse
389 1192 443 1257 det
465 1209 641 1259 suooessum
669 1191 813 1277 frugibus
842 1191 896 1275 qui
923 1191 1055 1257 eontulit
1082 1190 1265 1257 omamsnta

141 1294 315 1379 principiis,
336 1298 373 1361 ut
395 1294 478 1377 quod
492 1294 525 1359 in
548 1311 624 1360 sano
641 1294 715 1359 flore
730 1293 921 1378 praemisisti
935 1293 969 1357 in
982 1312 1144 1378 pomorum
1159 1293 1264 1357 matu·

140 1400 236 1465 ritate
257 1418 318 1465 non
340 1398 514 1465 subtrahas.
537 1400 584 1464 est
605 1397 755 1484 propositi
777 1396 877 1463 nostri
899 1396 1003 1481 prims
1018 1397 1144 1475 ouratio,
1168 1401 1203 1461 ut
1226 1396 1264 1461 de

140 1500 322 1585 insipientis
349 1502 440 1568 leude
463 1500 592 1567 solliciti
615 1502 654 1566 ad
678 1501 772 1567 deum
797 1504 873 1566 uota
902 1502 1082 1578 mittamus,
1111 1504 1264 1585 quatenus

104 1624 132 1664 ιο
141 1605 224 1687 quod
244 1604 279 1671 in
299 1604 399 1672 bonas
421 1604 535 1673 indolis
559 1603 732 1671 eruditioris
754 1607 989 1688 praesumptum
1005 1604 1053 1668 est
1075 1603 1111 1668 de
1131 1622 1264 1687 superna

142 1725 199 1790 ope
221 1710 418 1774 maturescat.
453 1707 507 1773 ills
528 1708 648 1793 ingenii
669 1708 806 1792 segetem
828 1708 978 1791 perduout
1000 1710 1038 1773 ad
1061 1706 1187 1791 horrea,
1210 1708 1263 1789 qui

140 1810 283 1877 altricem
311 1811 472 1877 hominum
500 1810 629 1877 herbam
652 1813 792 1895 eregits
818 1810 949 1894 sospite:
978 1811 1044 1893 ipse
1074 1810 1112 1874 de
1140 1813 1262 1874 terreno

140 1914 222 1978 laote
245 1932 420 1997 expressam
442 1914 476 1979 in
499 1916 637 1981 triticum
662 1915 776 1980 formet
798 1912 949 1999 effigiem,
974 1915 1060 1978 ouius
1082 1911 1180 1978 imbre
1203 1912 1261 1977 soli

140 2015 238 2082 facies
266 2018 417 2083 maritata
438 2018 630 2084 fecundatur.
664 2017 724 2084 tibi
747 2019 869 2101 autem,
898 2017 1018 2083 erudite
1040 2034 1133 2098 puer,
1160 2012 1258 2080 habeo

104 2119 275 2203 regratius,
302 2124 382 2204 quod
406 2121 549 2204 quamuis
572 2120 695 2186 dicendi
721 2120 884 2203 splendore
912 2118 1062 2185 nituisses
1090 2120 1122 2183 st
1149 2117 1259 2183 inille

139 2221 219 2287 urbe
240 2222 418 2288 litterarum
440 2224 569 2290 seientia
591 2223 803 2309 adstipulante
818 2222 965 2302 lauderis,
989 2222 1050 2287 mei
1066 2239 1186 2306 quoquo
1208 2225 1259 2287 de·

139 2324 260 2390 sideros
281 2325 462 2391 adiumenta
483 2325 647 2409 praeconii.
692 2326 824 2392 sesessit
845 2325 904 2393 tibi
934 2326 1053 2391 fruetus
1083 2324 1262 2409 diligentiae

138 2445 243 2509 meae,
271 2428 331 2494 etsi
353 2429 440 2494 nulls
461 2428 645 2494 tribuuntur
667 2428 847 2493 rusticantis
875 2430 1057 2495 ornamenta
1079 2425 1261 2492 testimonii.

139 2529 241 2595 libens
263 2532 346 2596 diets
367 2532 422 2595 tus
444 2550 516 2598 oum
539 2530 773 2598 iucundissimis
795 2530 945 2615 praedico,
970 2550 1041 2595 oum
1057 2531 1169 2615 quibus
1191 2549 1261 2595 sen-

102 2631 273 2698 sotentiam
296 2652 409 2713 msam,
431 2635 467 2699 ut
485 2634 636 2699 bonorum
654 2635 806 2701 ditesoam
823 2635 981 2710 societate,
1005 2635 1168 2717 coniunge.
1192 2651 1262 2716 pro-

140 2736 259 2799 ximum
278 2737 335 2820 set,
351 2740 387 2801 ut
401 2754 462 2802 non
475 2737 656 2803 diuiduntur
671 2736 793 2803 meritis
810 2738 862 2821 qui
877 2737 909 2802 in
924 2736 1064 2820 quelibet
1078 2736 1263 2801 iudicatione

140 2836 357 2904 eonsentiunt:
381 2857 461 2903 unus
485 2844 540 2918 set,
564 2857 621 2905 nso
645 2841 727 2906 enim
750 2840 859 2923 prooul
881 2843 1031 2924 euagutur
1054 2841 1092 2905 ab
1115 2856 1186 2905 aros
1208 2857 1260 2903 su-

139 2940 300 3019 blimium,
331 2943 384 3024 qui
405 2943 445 3007 ad
467 2942 541 3025 hoo,
565 2942 645 3025 quod
666 2942 715 3009 illi
737 2942 958 3028 pronuntiant,
985 2960 1046 3007 non
1069 2940 1185 3027 dispari
1207 2941 1262 3005 ad-

140 3042 308 3110 miratione
342 3045 515 3112 osnoordat.
560 3045 600 3111 ad
633 3049 782 3131 epistolae
811 3048 883 3113 tuae
915 3048 1023 3112 tumen
1056 3042 1261 3129 diotionisqus

103 3148 236 3212 ormella
263 3167 313 3212 me
341 3148 454 3214 refero:
490 3148 540 3214 oui
568 3150 614 3214 sio
636 3150 683 3214 est
710 3150 824 3216 blanda
852 3150 890 3214 de
917 3150 1072 3232 praesenti
1101 3151 1133 3214 st
1155 3148 1262 3214 tsnsra

140 3250 245 3315 notate
266 3250 429 3335 praelatio,
451 3255 488 3316 ut
509 3269 570 3316 non
585 3251 790 3318 subtrahetur
805 3254 906 3317 unus
921 3252 954 3317 st
967 3253 1077 3335 genius
1091 3252 1130 3317 ds
1144 3250 1261 3315 futura

141 3353 283 3418 constitit
310 3354 488 3420 oonoauatis
508 3353 643 3421 Latiaris
665 3354 817 3434 elocutio,
848 3356 923 3421 dum
944 3373 1000 3437 per
1020 3353 1145 3420 alueum
1170 3371 1262 3417 suum

191 3557 208 3612 2
225 3556 347 3627 adripuet
363 3557 391 3612 Β
493 3558 658 3615 sonusffioat
674 3557 712 3612 Π
730 3563 762 3615 eet
779 3558 893 3613 uidam

191 3658 309 3715 XVIIII.
325 3660 345 3713 4
356 3660 488 3730 simplieio
500 3661 552 3727 Ro,
566 3660 602 3728 os.
614 3661 706 3731 Epist.
721 3660 767 3715 VI
771 3663 805 3717 15
889 3661 906 3715 5
918 3659 1112 3715 adolesoeutiue
1125 3657 1195 3712 mu

140 3746 276 3815 dipsoL
361 3746 564 3817 mmgitusB
648 3746 804 3815 dquatinus
815 3746 869 3801 M*
952 3747 983 3801 11
997 3742 1195 3799 msturisoatB

139 3831 251 3900 reglum
274 3832 302 3886 Β
404 3832 532 3902 perduost
548 3830 583 3887 ad
601 3831 695 3887 horrea
712 3831 740 3886 B
756 3832 789 3885 is
804 3846 859 3885 ros.
973 3828 1006 3884 12
1024 3828 1110 3898 exigit
1126 3829 1191 3896 fort.

139 3916 271 3986 cispiteB
356 3918 389 3973 13
401 3917 607 3987 snpraassamB
693 3917 726 3972 14
738 3917 896 3972 ieoondatur
910 3916 945 3971 T¹
1030 3916 1063 3970 16
1075 3914 1194 3969 urbseB

140 4001 351 4057 1tadsessit13
453 4002 558 4059 fruetus
576 4002 629 4057 tibi
651 4004 676 4059 T
777 4004 812 4059 18
831 4003 860 4056 in
877 4002 927 4056 illu
946 4001 973 4057 T
1070 4000 1106 4056 20
1121 4000 1260 4069 bonorum]

139 4086 322 4144 beatorumI’
422 4089 547 4144 ditisosm
566 4089 593 4144 B
696 4088 731 4144 22
748 4089 827 4159 unus}
845 4088 975 4143 secundus
992 4088 1072 4155 fort,
1095 4088 1131 4155 of.
1153 4088 1262 4142 Wiener

140 4173 258 4230 fitadius
275 4174 317 4229 II
330 4176 384 4233 256
475 4176 603 4245 susgetns
622 4174 703 4235 soso,
798 4174 833 4230 25
850 4172 972 4229 blandita
989 4171 1055 4238 sort.
1149 4172 1184 4227 2¹1
1201 4187 1262 4227 oon-

141 4260 253 4331 esuatis]
271 4260 472 4316 toreumatibus
488 4260 525 4329 Β,
551 4262 788 4319 oontumseibusb
881 4259 1008 4329 htiuris]
1026 4259 1125 4315 lauans
1144 4260 1171 4315 T
