<?xml version="1.0" encoding="UTF-8"?>
<!DOCTYPE html PUBLIC "-//W3C//DTD XHTML 1.0 Transitional//EN"
    "http://www.w3.org/TR/xhtml1/DTD/xhtml1-transitional.dtd">
<html xmlns="http://www.w3.org/1999/xhtml" xml:lang="en" lang="en">
 <head>
  <title>
</title>
<meta http-equiv="Content-Type" content="text/html;charset=utf-8" />
  <meta name='ocr-system' content='tesseract 3.04.00' />
  <meta name='ocr-capabilities' content='ocr_page ocr_carea ocr_par ocr_line ocrx_word'/>
</head>
<body>
  <div class='ocr_page' id='page_1' title='image "./corpusscriptoru10wissgoog/corpusscriptoru10wissgoog_0355.png"; bbox 0 0 2992 4967; ppageno 0'>
   <div class='ocr_carea' id='block_1_1' title="bbox 446 332 1227 405">
    <p class='ocr_par' dir='ltr' id='par_1_1' title="bbox 446 332 1227 405">
     <span class='ocr_line' id='line_1_1' title="bbox 446 332 1227 405; baseline 0.014 -18"><span class='ocrx_word' id='word_1_1' title='bbox 446 332 678 403; x_wconf 71' lang='lat' dir='ltr'>Epistularum</span> <span class='ocrx_word' id='word_1_2' title='bbox 701 335 790 390; x_wconf 91' lang='lat' dir='ltr'><strong>liber</strong></span> <span class='ocrx_word' id='word_1_3' title='bbox 807 336 884 391; x_wconf 86' lang='lat' dir='ltr'>VIII.</span> <span class='ocrx_word' id='word_1_4' title='bbox 1163 340 1227 405; x_wconf 78' lang='grc'><strong>223</strong></span> 
     </span>
    </p>
   </div>
   <div class='ocr_carea' id='block_1_2' title="bbox 105 484 1226 612">
    <p class='ocr_par' dir='ltr' id='par_1_2' title="bbox 105 484 1226 612">
     <span class='ocr_line' id='line_1_2' title="bbox 105 484 1226 612; baseline 0.002 -21"><span class='ocrx_word' id='word_1_5' title='bbox 105 522 240 591; x_wconf 78' lang='lat' dir='ltr'><strong>iussIstis</strong></span> <span class='ocrx_word' id='word_1_6' title='bbox 262 524 396 607; x_wconf 78' lang='lat' dir='ltr'><strong>pressius</strong></span> <span class='ocrx_word' id='word_1_7' title='bbox 419 524 575 603; x_wconf 90' lang='lat' dir='ltr'><strong>intimaui,</strong></span> <span class='ocrx_word' id='word_1_8' title='bbox 589 528 641 608; x_wconf 92' lang='lat' dir='ltr'><strong>qni</strong></span> <span class='ocrx_word' id='word_1_9' title='bbox 663 526 927 611; x_wconf 87' lang='lat' dir='ltr'><strong>praeceptaregia</strong></span> <span class='ocrx_word' id='word_1_10' title='bbox 941 484 1147 612; x_wconf 82' lang='lat' dir='ltr'><strong>moreregit,</strong></span> <span class='ocrx_word' id='word_1_11' title='bbox 1170 546 1226 609; x_wconf 91' lang='lat' dir='ltr'><strong>per</strong></span> 
     </span>
    </p>
   </div>
   <div class='ocr_carea' id='block_1_3' title="bbox 83 627 1228 1226">
    <p class='ocr_par' dir='ltr' id='par_1_3' title="bbox 83 627 1228 1226">
     <span class='ocr_line' id='line_1_3' title="bbox 107 627 1228 709; baseline 0.004 -18"><span class='ocrx_word' id='word_1_12' title='bbox 107 645 186 709; x_wconf 82' lang='lat' dir='ltr'><strong>quae</strong></span> <span class='ocrx_word' id='word_1_13' title='bbox 209 627 363 692; x_wconf 90' lang='lat' dir='ltr'><strong>credimus</strong></span> <span class='ocrx_word' id='word_1_14' title='bbox 397 630 481 693; x_wconf 89' lang='lat' dir='ltr'><strong>uiros</strong></span> <span class='ocrx_word' id='word_1_15' title='bbox 511 628 606 694; x_wconf 90' lang='lat' dir='ltr'><strong>bonos</strong></span> <span class='ocrx_word' id='word_1_16' title='bbox 641 634 671 694; x_wconf 92' lang='lat' dir='ltr'><strong>et</strong></span> <span class='ocrx_word' id='word_1_17' title='bbox 705 632 820 694; x_wconf 90' lang='lat' dir='ltr'><strong>amicos</strong></span> <span class='ocrx_word' id='word_1_18' title='bbox 854 628 1044 695; x_wconf 81' lang='lat' dir='ltr'><strong>occasIonem</strong></span> <span class='ocrx_word' id='word_1_19' title='bbox 1073 629 1228 695; x_wconf 88' lang='lat' dir='ltr'><strong>inuenisse</strong></span> 
     </span>
     <span class='ocr_line' id='line_1_4' title="bbox 104 729 1227 814; baseline 0.003 -21"><span class='ocrx_word' id='word_1_20' title='bbox 104 729 295 813; x_wconf 85' lang='lat' dir='ltr'><strong>praestandi</strong></span> <span class='ocrx_word' id='word_1_21' title='bbox 319 731 350 795; x_wconf 90' lang='lat' dir='ltr'><strong>ot</strong></span> <span class='ocrx_word' id='word_1_22' title='bbox 372 746 426 795; x_wconf 90' lang='lat' dir='ltr'><strong>uos</strong></span> <span class='ocrx_word' id='word_1_23' title='bbox 449 735 556 795; x_wconf 88' lang='lat' dir='ltr'><strong>tamen</strong></span> <span class='ocrx_word' id='word_1_24' title='bbox 578 733 716 797; x_wconf 90' lang='lat' dir='ltr'><strong>animum</strong></span> <span class='ocrx_word' id='word_1_25' title='bbox 739 732 778 797; x_wconf 90' lang='lat' dir='ltr'><strong>ab</strong></span> <span class='ocrx_word' id='word_1_26' title='bbox 799 732 953 799; x_wconf 86' lang='lat' dir='ltr'><strong>anxietate</strong></span> <span class='ocrx_word' id='word_1_27' title='bbox 964 735 1131 809; x_wconf 89' lang='lat' dir='ltr'><strong>remouote,</strong></span> <span class='ocrx_word' id='word_1_28' title='bbox 1154 732 1227 814; x_wconf 90' lang='lat' dir='ltr'><strong>quia</strong></span> 
     </span>
     <span class='ocr_line' id='line_1_5' title="bbox 105 832 1227 917; baseline -0.001 -19"><span class='ocrx_word' id='word_1_29' title='bbox 105 832 251 898; x_wconf 89' lang='lat' dir='ltr'><strong>caelestis</strong></span> <span class='ocrx_word' id='word_1_30' title='bbox 267 832 400 898; x_wconf 87' lang='lat' dir='ltr'><strong>sufficiet</strong></span> <span class='ocrx_word' id='word_1_31' title='bbox 415 833 455 897; x_wconf 92' lang='lat' dir='ltr'><strong>ad</strong></span> <span class='ocrx_word' id='word_1_32' title='bbox 471 834 624 901; x_wconf 87' lang='lat' dir='ltr'><strong>ultionem</strong></span> <span class='ocrx_word' id='word_1_33' title='bbox 639 836 793 899; x_wconf 92' lang='lat' dir='ltr'><strong>malornm</strong></span> <span class='ocrx_word' id='word_1_34' title='bbox 808 834 899 917; x_wconf 88' lang='lat' dir='ltr'><strong>uigor</strong></span> <span class='ocrx_word' id='word_1_35' title='bbox 914 834 1075 901; x_wconf 77' lang='lat' dir='ltr'><strong>examinis.</strong></span> <span class='ocrx_word' id='word_1_36' title='bbox 1109 833 1227 899; x_wconf 93' lang='lat' dir='ltr'><strong>domini</strong></span> 
     </span>
     <span class='ocr_line' id='line_1_6' title="bbox 83 934 1227 1020; baseline 0.003 -23"><span class='ocrx_word' id='word_1_37' title='bbox 83 938 160 1014; x_wconf 79' lang='lat' dir='ltr'><strong>emi,</strong></span> <span class='ocrx_word' id='word_1_38' title='bbox 196 934 394 1001; x_wconf 74' lang='lat' dir='ltr'><strong>salutationis</strong></span> <span class='ocrx_word' id='word_1_39' title='bbox 428 936 576 1020; x_wconf 88' lang='lat' dir='ltr'><strong>obsequia</strong></span> <span class='ocrx_word' id='word_1_40' title='bbox 609 942 809 1019; x_wconf 86' lang='lat' dir='ltr'><strong>praesentans</strong></span> <span class='ocrx_word' id='word_1_41' title='bbox 843 956 958 1020; x_wconf 88' lang='lat' dir='ltr'><strong>precor,</strong></span> <span class='ocrx_word' id='word_1_42' title='bbox 981 940 1018 1003; x_wconf 91' lang='lat' dir='ltr'><strong>ut</strong></span> <span class='ocrx_word' id='word_1_43' title='bbox 1049 939 1155 1004; x_wconf 90' lang='lat' dir='ltr'><strong>crebro</strong></span> <span class='ocrx_word' id='word_1_44' title='bbox 1177 956 1227 1001; x_wconf 88' lang='lat' dir='ltr'><strong>me</strong></span> 
     </span>
     <span class='ocr_line' id='line_1_7' title="bbox 104 1039 1226 1125; baseline 0.002 -23"><span class='ocrx_word' id='word_1_45' title='bbox 104 1039 321 1121; x_wconf 73' lang='lat' dir='ltr'><strong>prosperitatis</strong></span> <span class='ocrx_word' id='word_1_46' title='bbox 337 1040 470 1118; x_wconf 88' lang='lat' dir='ltr'><strong>nestrae,</strong></span> <span class='ocrx_word' id='word_1_47' title='bbox 488 1040 561 1121; x_wconf 90' lang='lat' dir='ltr'><strong>quia</strong></span> <span class='ocrx_word' id='word_1_48' title='bbox 576 1042 816 1107; x_wconf 79' lang='lat' dir='ltr'><strong>commeantium</strong></span> <span class='ocrx_word' id='word_1_49' title='bbox 832 1041 1050 1125; x_wconf 79' lang='lat' dir='ltr'><strong>opportunitas</strong></span> <span class='ocrx_word' id='word_1_50' title='bbox 1064 1040 1226 1123; x_wconf 81' lang='lat' dir='ltr'><strong>ingeritur,</strong></span> 
     </span>
     <span class='ocr_line' id='line_1_8' title="bbox 104 1141 427 1226; baseline 0.003 -20"><span class='ocrx_word' id='word_1_51' title='bbox 104 1141 252 1207; x_wconf 87' lang='lat' dir='ltr'><strong>relenetis</strong></span> <span class='ocrx_word' id='word_1_52' title='bbox 275 1143 427 1226; x_wconf 79' lang='lat' dir='ltr'><strong>alioquiis.</strong></span> 
     </span>
    </p>
   </div>
   <div class='ocr_carea' id='block_1_4' title="bbox 596 1280 740 1346">
    <p class='ocr_par' dir='ltr' id='par_1_4' title="bbox 596 1280 740 1346">
     <span class='ocr_line' id='line_1_9' title="bbox 596 1280 740 1346; baseline -0.007 0"><span class='ocrx_word' id='word_1_53' title='bbox 596 1280 740 1346; x_wconf 85' lang='lat' dir='ltr'>XXXVI.</span> 
     </span>
    </p>
   </div>
   <div class='ocr_carea' id='block_1_5' title="bbox 496 1412 836 1471">
    <p class='ocr_par' dir='ltr' id='par_1_5' title="bbox 496 1412 836 1471">
     <span class='ocr_line' id='line_1_10' title="bbox 496 1412 836 1471; baseline 0.012 -4"><span class='ocrx_word' id='word_1_54' title='bbox 496 1412 678 1470; x_wconf 82' lang='lat' dir='ltr'>ENNODIVS</span> <span class='ocrx_word' id='word_1_55' title='bbox 697 1413 836 1471; x_wconf 87' lang='grc' dir='ltr'><strong><em>ΒΟΕΤΙΟ.</em></strong></span> 
     </span>
    </p>
   </div>
   <div class='ocr_carea' id='block_1_6' title="bbox 71 1516 1229 2735">
    <p class='ocr_par' dir='ltr' id='par_1_6' title="bbox 71 1516 1228 2017">
     <span class='ocr_line' id='line_1_11' title="bbox 71 1516 1224 1605; baseline 0 -22"><span class='ocrx_word' id='word_1_56' title='bbox 71 1546 95 1584; x_wconf 80' lang='grc' dir='ltr'><strong>ιο</strong></span> <span class='ocrx_word' id='word_1_57' title='bbox 148 1516 328 1583; x_wconf 84' lang='lat' dir='ltr'><strong>Perdiderat</strong></span> <span class='ocrx_word' id='word_1_58' title='bbox 344 1519 524 1587; x_wconf 84' lang='lat' dir='ltr'><strong>eruditionis</strong></span> <span class='ocrx_word' id='word_1_59' title='bbox 542 1520 675 1603; x_wconf 84' lang='lat' dir='ltr'><strong>pretium</strong></span> <span class='ocrx_word' id='word_1_60' title='bbox 690 1521 810 1605; x_wconf 91' lang='lat' dir='ltr'><strong>lingua,</strong></span> <span class='ocrx_word' id='word_1_61' title='bbox 825 1521 899 1586; x_wconf 88' lang='lat' dir='ltr'><strong>dum</strong></span> <span class='ocrx_word' id='word_1_62' title='bbox 914 1520 1036 1599; x_wconf 82' lang='lat' dir='ltr'><strong>reticeo,</strong></span> <span class='ocrx_word' id='word_1_63' title='bbox 1053 1519 1134 1602; x_wconf 88' lang='lat' dir='ltr'><strong>quia,</strong></span> <span class='ocrx_word' id='word_1_64' title='bbox 1150 1518 1224 1584; x_wconf 92' lang='lat' dir='ltr'><strong>dum</strong></span> 
     </span>
     <span class='ocr_line' id='line_1_12' title="bbox 105 1622 1226 1705; baseline 0.002 -20"><span class='ocrx_word' id='word_1_65' title='bbox 105 1625 305 1686; x_wconf 90' lang='lat' dir='ltr'><strong>uenustatom</strong></span> <span class='ocrx_word' id='word_1_66' title='bbox 329 1624 525 1705; x_wconf 86' lang='lat' dir='ltr'><strong>eloquentiae</strong></span> <span class='ocrx_word' id='word_1_67' title='bbox 541 1623 738 1689; x_wconf 86' lang='lat' dir='ltr'><strong>taciturnitas</strong></span> <span class='ocrx_word' id='word_1_68' title='bbox 755 1622 945 1699; x_wconf 87' lang='lat' dir='ltr'><strong>includebat,</strong></span> <span class='ocrx_word' id='word_1_69' title='bbox 969 1623 1151 1689; x_wconf 87' lang='lat' dir='ltr'><strong>credebatur</strong></span> <span class='ocrx_word' id='word_1_70' title='bbox 1168 1641 1226 1687; x_wconf 92' lang='lat' dir='ltr'><strong>non</strong></span> 
     </span>
     <span class='ocr_line' id='line_1_13' title="bbox 105 1725 1228 1809; baseline 0 -20"><span class='ocrx_word' id='word_1_71' title='bbox 105 1744 173 1790; x_wconf 89' lang='lat' dir='ltr'><strong>esse</strong></span> <span class='ocrx_word' id='word_1_72' title='bbox 196 1726 277 1806; x_wconf 90' lang='lat' dir='ltr'><strong>qnod</strong></span> <span class='ocrx_word' id='word_1_73' title='bbox 300 1744 396 1809; x_wconf 92' lang='lat' dir='ltr'><strong>nuper</strong></span> <span class='ocrx_word' id='word_1_74' title='bbox 419 1725 574 1792; x_wconf 81' lang='lat' dir='ltr'><strong>efferbuit.</strong></span> <span class='ocrx_word' id='word_1_75' title='bbox 608 1728 780 1809; x_wconf 83' lang='lat' dir='ltr'><strong>produxisti</strong></span> <span class='ocrx_word' id='word_1_76' title='bbox 812 1727 844 1791; x_wconf 90' lang='lat' dir='ltr'><strong>in</strong></span> <span class='ocrx_word' id='word_1_77' title='bbox 877 1727 977 1792; x_wconf 90' lang='lat' dir='ltr'><strong>lucem</strong></span> <span class='ocrx_word' id='word_1_78' title='bbox 1001 1744 1115 1791; x_wconf 91' lang='lat' dir='ltr'><strong>nouum</strong></span> <span class='ocrx_word' id='word_1_79' title='bbox 1138 1726 1228 1791; x_wconf 92' lang='lat' dir='ltr'><strong>iubar</strong></span> 
     </span>
     <span class='ocr_line' id='line_1_14' title="bbox 105 1828 1227 1914; baseline 0.001 -22"><span class='ocrx_word' id='word_1_80' title='bbox 105 1828 221 1909; x_wconf 87' lang='lat' dir='ltr'><strong>eloquii</strong></span> <span class='ocrx_word' id='word_1_81' title='bbox 255 1831 286 1893; x_wconf 87' lang='lat' dir='ltr'><strong>st</strong></span> <span class='ocrx_word' id='word_1_82' title='bbox 319 1832 392 1895; x_wconf 90' lang='lat' dir='ltr'><strong>dum</strong></span> <span class='ocrx_word' id='word_1_83' title='bbox 426 1830 509 1893; x_wconf 92' lang='lat' dir='ltr'><strong>diem</strong></span> <span class='ocrx_word' id='word_1_84' title='bbox 543 1829 575 1894; x_wconf 93' lang='lat' dir='ltr'><strong>in</strong></span> <span class='ocrx_word' id='word_1_85' title='bbox 609 1830 741 1911; x_wconf 91' lang='lat' dir='ltr'><strong>epistula</strong></span> <span class='ocrx_word' id='word_1_86' title='bbox 774 1829 866 1913; x_wconf 84' lang='lat' dir='ltr'><strong>iacis,</strong></span> <span class='ocrx_word' id='word_1_87' title='bbox 905 1831 1097 1914; x_wconf 89' lang='lat' dir='ltr'><strong>splendorem</strong></span> <span class='ocrx_word' id='word_1_88' title='bbox 1122 1847 1227 1894; x_wconf 89' lang='lat' dir='ltr'><strong>recens</strong></span> 
     </span>
     <span class='ocr_line' id='line_1_15' title="bbox 105 1932 1228 2017; baseline 0 -22"><span class='ocrx_word' id='word_1_89' title='bbox 105 1932 236 2013; x_wconf 88' lang='lat' dir='ltr'><strong>adeptus</strong></span> <span class='ocrx_word' id='word_1_90' title='bbox 259 1934 390 1997; x_wconf 89' lang='lat' dir='ltr'><strong>crederis</strong></span> <span class='ocrx_word' id='word_1_91' title='bbox 413 1932 475 1996; x_wconf 87' lang='lat' dir='ltr'><strong>iarn</strong></span> <span class='ocrx_word' id='word_1_92' title='bbox 498 1936 664 1998; x_wconf 90' lang='lat' dir='ltr'><strong>maturum.</strong></span> <span class='ocrx_word' id='word_1_93' title='bbox 688 1934 804 2016; x_wconf 87' lang='lat' dir='ltr'><strong>gratias</strong></span> <span class='ocrx_word' id='word_1_94' title='bbox 828 1952 895 2017; x_wconf 89' lang='lat' dir='ltr'><strong>ago,</strong></span> <span class='ocrx_word' id='word_1_95' title='bbox 915 1934 995 2016; x_wconf 85' lang='lat' dir='ltr'><strong>quod</strong></span> <span class='ocrx_word' id='word_1_96' title='bbox 1011 1952 1062 1997; x_wconf 90' lang='lat' dir='ltr'><strong>me</strong></span> <span class='ocrx_word' id='word_1_97' title='bbox 1086 1935 1125 1997; x_wconf 88' lang='lat' dir='ltr'><strong>ad</strong></span> <span class='ocrx_word' id='word_1_98' title='bbox 1148 1932 1228 1996; x_wconf 94' lang='lat' dir='ltr'><strong>ami·</strong></span> 
     </span>
    </p>

    <p class='ocr_par' dir='ltr' id='par_1_7' title="bbox 72 2034 1229 2530">
     <span class='ocr_line' id='line_1_16' title="bbox 72 2034 1227 2121; baseline 0.001 -24"><span class='ocrx_word' id='word_1_99' title='bbox 72 2034 199 2100; x_wconf 75' lang='lat' dir='ltr'><strong>nscitiae</strong></span> <span class='ocrx_word' id='word_1_100' title='bbox 222 2035 396 2100; x_wconf 86' lang='lat' dir='ltr'><strong>custodiam</strong></span> <span class='ocrx_word' id='word_1_101' title='bbox 418 2034 550 2119; x_wconf 88' lang='lat' dir='ltr'><strong>paginae</strong></span> <span class='ocrx_word' id='word_1_102' title='bbox 574 2037 646 2101; x_wconf 91' lang='lat' dir='ltr'><strong>tuae</strong></span> <span class='ocrx_word' id='word_1_103' title='bbox 667 2036 741 2101; x_wconf 89' lang='lat' dir='ltr'><strong>flore</strong></span> <span class='ocrx_word' id='word_1_104' title='bbox 758 2037 918 2121; x_wconf 89' lang='lat' dir='ltr'><strong>conpellis.</strong></span> <span class='ocrx_word' id='word_1_105' title='bbox 940 2039 992 2101; x_wconf 88' lang='lat' dir='ltr'><strong>sed</strong></span> <span class='ocrx_word' id='word_1_106' title='bbox 1009 2036 1037 2100; x_wconf 85' lang='lat' dir='ltr'><strong>si</strong></span> <span class='ocrx_word' id='word_1_107' title='bbox 1052 2034 1125 2099; x_wconf 88' lang='lat' dir='ltr'><strong>fidei</strong></span> <span class='ocrx_word' id='word_1_108' title='bbox 1141 2052 1227 2099; x_wconf 89' lang='lat' dir='ltr'><strong>meae</strong></span> 
     </span>
     <span class='ocr_line' id='line_1_17' title="bbox 105 2136 1225 2216; baseline 0.001 -15"><span class='ocrx_word' id='word_1_109' title='bbox 105 2154 187 2203; x_wconf 87' lang='lat' dir='ltr'><strong>esses</strong></span> <span class='ocrx_word' id='word_1_110' title='bbox 203 2138 353 2216; x_wconf 89' lang='lat' dir='ltr'><strong>conscius,</strong></span> <span class='ocrx_word' id='word_1_111' title='bbox 369 2138 597 2204; x_wconf 88' lang='lat' dir='ltr'><strong>dubitationem</strong></span> <span class='ocrx_word' id='word_1_112' title='bbox 615 2141 652 2203; x_wconf 91' lang='lat' dir='ltr'><strong>de</strong></span> <span class='ocrx_word' id='word_1_113' title='bbox 668 2142 758 2205; x_wconf 89' lang='lat' dir='ltr'><strong>rebus</strong></span> <span class='ocrx_word' id='word_1_114' title='bbox 777 2138 991 2205; x_wconf 88' lang='lat' dir='ltr'><strong>constantibus</strong></span> <span class='ocrx_word' id='word_1_115' title='bbox 1009 2155 1070 2203; x_wconf 92' lang='lat' dir='ltr'><strong>non</strong></span> <span class='ocrx_word' id='word_1_116' title='bbox 1086 2136 1225 2202; x_wconf 87' lang='lat' dir='ltr'><strong>haberes.</strong></span> 
     </span>
     <span class='ocr_line' id='line_1_18' title="bbox 106 2240 1227 2325; baseline 0.001 -22"><span class='ocrx_word' id='word_1_117' title='bbox 106 2240 213 2317; x_wconf 90' lang='lat' dir='ltr'><strong>timeo,</strong></span> <span class='ocrx_word' id='word_1_118' title='bbox 237 2258 275 2303; x_wconf 92' lang='lat' dir='ltr'><strong>ne</strong></span> <span class='ocrx_word' id='word_1_119' title='bbox 290 2241 529 2323; x_wconf 70' lang='lat' dir='ltr'><strong>ambiguitatem</strong></span> <span class='ocrx_word' id='word_1_120' title='bbox 545 2261 638 2325; x_wconf 89' lang='lat' dir='ltr'><strong>quam</strong></span> <span class='ocrx_word' id='word_1_121' title='bbox 654 2243 753 2307; x_wconf 89' lang='lat' dir='ltr'><strong>credis</strong></span> <span class='ocrx_word' id='word_1_122' title='bbox 776 2242 920 2308; x_wconf 83' lang='lat' dir='ltr'><strong>exhibeas</strong></span> <span class='ocrx_word' id='word_1_123' title='bbox 943 2245 974 2307; x_wconf 89' lang='lat' dir='ltr'><strong>et</strong></span> <span class='ocrx_word' id='word_1_124' title='bbox 1001 2242 1075 2305; x_wconf 93' lang='lat' dir='ltr'><strong>dnm</strong></span> <span class='ocrx_word' id='word_1_125' title='bbox 1091 2241 1227 2305; x_wconf 89' lang='lat' dir='ltr'><strong>amantis</strong></span> 
     </span>
     <span class='ocr_line' id='line_1_19' title="bbox 105 2342 1229 2429; baseline 0.001 -23"><span class='ocrx_word' id='word_1_126' title='bbox 105 2342 245 2424; x_wconf 87' lang='lat' dir='ltr'><strong>teporem</strong></span> <span class='ocrx_word' id='word_1_127' title='bbox 279 2342 402 2417; x_wconf 73' lang='lat' dir='ltr'><strong>metuis</strong></span> <span class='ocrx_word' id='word_1_128' title='bbox 436 2346 469 2407; x_wconf 90' lang='lat' dir='ltr'><strong>in</strong></span> <span class='ocrx_word' id='word_1_129' title='bbox 503 2343 674 2409; x_wconf 88' lang='lat' dir='ltr'><strong>adiectione</strong></span> <span class='ocrx_word' id='word_1_130' title='bbox 708 2343 865 2429; x_wconf 86' lang='lat' dir='ltr'><strong>frigescas.</strong></span> <span class='ocrx_word' id='word_1_131' title='bbox 904 2344 1036 2422; x_wconf 88' lang='lat' dir='ltr'><strong>dominc,</strong></span> <span class='ocrx_word' id='word_1_132' title='bbox 1071 2346 1106 2408; x_wconf 92' lang='lat' dir='ltr'><strong>ut</strong></span> <span class='ocrx_word' id='word_1_133' title='bbox 1134 2361 1229 2424; x_wconf 91' lang='lat' dir='ltr'><strong>supra</strong></span> 
     </span>
     <span class='ocr_line' id='line_1_20' title="bbox 105 2446 1228 2530; baseline 0.004 -21"><span class='ocrx_word' id='word_1_134' title='bbox 105 2446 305 2511; x_wconf 85' lang='lat' dir='ltr'><strong>salutationis</strong></span> <span class='ocrx_word' id='word_1_135' title='bbox 327 2446 461 2529; x_wconf 87' lang='lat' dir='ltr'><strong>gratiam</strong></span> <span class='ocrx_word' id='word_1_136' title='bbox 484 2448 662 2530; x_wconf 86' lang='lat' dir='ltr'><strong>persoluens</strong></span> <span class='ocrx_word' id='word_1_137' title='bbox 690 2466 792 2530; x_wconf 91' lang='lat' dir='ltr'><strong>spero,</strong></span> <span class='ocrx_word' id='word_1_138' title='bbox 822 2452 857 2512; x_wconf 90' lang='lat' dir='ltr'><strong>ut</strong></span> <span class='ocrx_word' id='word_1_139' title='bbox 895 2447 1001 2513; x_wconf 88' lang='lat' dir='ltr'><strong>crebro</strong></span> <span class='ocrx_word' id='word_1_140' title='bbox 1023 2449 1061 2512; x_wconf 91' lang='lat' dir='ltr'><strong>ad</strong></span> <span class='ocrx_word' id='word_1_141' title='bbox 1083 2466 1132 2511; x_wconf 92' lang='lat' dir='ltr'><strong>me</strong></span> <span class='ocrx_word' id='word_1_142' title='bbox 1161 2448 1228 2529; x_wconf 90' lang='lat' dir='ltr'><strong>epi·</strong></span> 
     </span>
    </p>

    <p class='ocr_par' dir='ltr' id='par_1_8' title="bbox 72 2548 1229 2735">
     <span class='ocr_line' id='line_1_21' title="bbox 72 2548 1229 2634; baseline -0.001 -18"><span class='ocrx_word' id='word_1_143' title='bbox 72 2549 258 2616; x_wconf 81' lang='lat' dir='ltr'><strong>rostolarum</strong></span> <span class='ocrx_word' id='word_1_144' title='bbox 280 2548 466 2615; x_wconf 91' lang='lat' dir='ltr'><strong>commercia</strong></span> <span class='ocrx_word' id='word_1_145' title='bbox 493 2550 625 2633; x_wconf 78' lang='lat' dir='ltr'><strong>ditigas,</strong></span> <span class='ocrx_word' id='word_1_146' title='bbox 649 2548 720 2632; x_wconf 89' lang='lat' dir='ltr'><strong>quia</strong></span> <span class='ocrx_word' id='word_1_147' title='bbox 748 2550 780 2614; x_wconf 92' lang='lat' dir='ltr'><strong>in</strong></span> <span class='ocrx_word' id='word_1_148' title='bbox 802 2550 850 2615; x_wconf 90' lang='lat' dir='ltr'><strong>his</strong></span> <span class='ocrx_word' id='word_1_149' title='bbox 872 2550 988 2615; x_wconf 90' lang='lat' dir='ltr'><strong>muniis</strong></span> <span class='ocrx_word' id='word_1_150' title='bbox 1011 2554 1042 2615; x_wconf 90' lang='lat' dir='ltr'><strong>et</strong></span> <span class='ocrx_word' id='word_1_151' title='bbox 1064 2549 1229 2634; x_wconf 87' lang='lat' dir='ltr'><strong>diligentis</strong></span> 
     </span>
     <span class='ocr_line' id='line_1_22' title="bbox 104 2651 921 2735; baseline 0.002 -20"><span class='ocrx_word' id='word_1_152' title='bbox 104 2653 136 2717; x_wconf 88' lang='lat' dir='ltr'><strong>te</strong></span> <span class='ocrx_word' id='word_1_153' title='bbox 161 2651 305 2717; x_wconf 86' lang='lat' dir='ltr'><strong>admonet</strong></span> <span class='ocrx_word' id='word_1_154' title='bbox 329 2657 360 2717; x_wconf 89' lang='lat' dir='ltr'><strong>et</strong></span> <span class='ocrx_word' id='word_1_155' title='bbox 382 2652 528 2735; x_wconf 86' lang='lat' dir='ltr'><strong>perfectio</strong></span> <span class='ocrx_word' id='word_1_156' title='bbox 551 2654 587 2717; x_wconf 90' lang='lat' dir='ltr'><strong>ut</strong></span> <span class='ocrx_word' id='word_1_157' title='bbox 610 2652 726 2717; x_wconf 85' lang='lat' dir='ltr'><strong>multus</strong></span> <span class='ocrx_word' id='word_1_158' title='bbox 749 2652 921 2718; x_wconf 90' lang='lat' dir='ltr'><strong>incumbas.</strong></span> 
     </span>
    </p>
   </div>
   <div class='ocr_carea' id='block_1_7' title="bbox 587 2838 748 2905">
    <p class='ocr_par' dir='ltr' id='par_1_9' title="bbox 587 2838 748 2905">
     <span class='ocr_line' id='line_1_23' title="bbox 587 2838 748 2905; baseline -0.031 0"><span class='ocrx_word' id='word_1_159' title='bbox 587 2838 748 2905; x_wconf 84' lang='lat' dir='ltr'>XXXVII.</span> 
     </span>
    </p>
   </div>
   <div class='ocr_carea' id='block_1_8' title="bbox 481 2974 828 3030">
    <p class='ocr_par' dir='ltr' id='par_1_10' title="bbox 481 2974 828 3030">
     <span class='ocr_line' id='line_1_24' title="bbox 481 2974 828 3030; baseline -0.006 -1"><span class='ocrx_word' id='word_1_160' title='bbox 481 2974 664 3030; x_wconf 84' lang='lat' dir='ltr'>ENNODIVS</span> <span class='ocrx_word' id='word_1_161' title='bbox 691 2974 828 3030; x_wconf 77' lang='lat' dir='ltr'>BOII&#39;I&#39;IO.</span> 
     </span>
    </p>
   </div>
   <div class='ocr_carea' id='block_1_9' title="bbox 73 3076 1229 3267">
    <p class='ocr_par' dir='ltr' id='par_1_11' title="bbox 73 3076 1229 3267">
     <span class='ocr_line' id='line_1_25' title="bbox 149 3076 1229 3165; baseline 0.009 -25"><span class='ocrx_word' id='word_1_162' title='bbox 149 3076 299 3157; x_wconf 74' lang='lat' dir='ltr'><strong>Quamuis</strong></span> <span class='ocrx_word' id='word_1_163' title='bbox 322 3077 409 3142; x_wconf 91' lang='lat' dir='ltr'><strong>tenui</strong></span> <span class='ocrx_word' id='word_1_164' title='bbox 432 3079 544 3144; x_wconf 83' lang='lat' dir='ltr'><strong>effectu</strong></span> <span class='ocrx_word' id='word_1_165' title='bbox 566 3079 724 3163; x_wconf 89' lang='lat' dir='ltr'><strong>petitionis</strong></span> <span class='ocrx_word' id='word_1_166' title='bbox 758 3081 860 3165; x_wconf 81' lang='lat' dir='ltr'><strong>surgit</strong></span> <span class='ocrx_word' id='word_1_167' title='bbox 889 3081 1063 3163; x_wconf 92' lang='lat' dir='ltr'><strong>eloquium,</strong></span> <span class='ocrx_word' id='word_1_168' title='bbox 1098 3083 1129 3147; x_wconf 91' lang='lat' dir='ltr'><strong>et</strong></span> <span class='ocrx_word' id='word_1_169' title='bbox 1158 3102 1229 3149; x_wconf 91' lang='lat' dir='ltr'><strong>con·</strong></span> 
     </span>
     <span class='ocr_line' id='line_1_26' title="bbox 73 3180 1228 3267; baseline 0.009 -24"><span class='ocrx_word' id='word_1_170' title='bbox 73 3180 216 3245; x_wconf 75' lang='lat' dir='ltr'><strong>sciliant</strong></span> <span class='ocrx_word' id='word_1_171' title='bbox 238 3183 269 3245; x_wconf 90' lang='lat' dir='ltr'><strong>et</strong></span> <span class='ocrx_word' id='word_1_172' title='bbox 289 3180 400 3245; x_wconf 91' lang='lat' dir='ltr'><strong>dotant</strong></span> <span class='ocrx_word' id='word_1_173' title='bbox 415 3181 593 3247; x_wconf 79' lang='lat' dir='ltr'><strong>facundiam</strong></span> <span class='ocrx_word' id='word_1_174' title='bbox 608 3198 656 3246; x_wconf 88' lang='lat' dir='ltr'><strong>res</strong></span> <span class='ocrx_word' id='word_1_175' title='bbox 671 3183 838 3248; x_wconf 87' lang='lat' dir='ltr'><strong>secundae:</strong></span> <span class='ocrx_word' id='word_1_176' title='bbox 860 3184 893 3248; x_wconf 86' lang='lat' dir='ltr'><strong>ln</strong></span> <span class='ocrx_word' id='word_1_177' title='bbox 909 3184 1049 3267; x_wconf 90' lang='lat' dir='ltr'><strong>qualibet</strong></span> <span class='ocrx_word' id='word_1_178' title='bbox 1063 3186 1228 3253; x_wconf 91' lang='lat' dir='ltr'><strong>uerborum</strong></span> 
     </span>
    </p>
   </div>
   <div class='ocr_carea' id='block_1_10' title="bbox 158 3369 1227 3475">
    <p class='ocr_par' dir='ltr' id='par_1_12' title="bbox 158 3369 1227 3475">
     <span class='ocr_line' id='line_1_27' title="bbox 158 3369 1227 3475; baseline 0.01 -24"><span class='ocrx_word' id='word_1_179' title='bbox 158 3399 315 3453; x_wconf 87' lang='lat' dir='ltr'><strong>linesistes</strong></span> <span class='ocrx_word' id='word_1_180' title='bbox 333 3400 360 3453; x_wconf 88' lang='grc' dir='ltr'><strong><em>Β</em></strong></span> <span class='ocrx_word' id='word_1_181' title='bbox 447 3402 577 3469; x_wconf 78' lang='lat' dir='ltr'><strong>praescius</strong></span> <span class='ocrx_word' id='word_1_182' title='bbox 596 3403 622 3457; x_wconf 93' lang='grc' dir='ltr'><strong><em>Β</em></strong></span> <span class='ocrx_word' id='word_1_183' title='bbox 708 3404 764 3456; x_wconf 86' lang='lat' dir='ltr'><strong>reia</strong></span> <span class='ocrx_word' id='word_1_184' title='bbox 783 3404 810 3457; x_wconf 95' lang='grc' dir='ltr'><strong><em>Β</em></strong></span> <span class='ocrx_word' id='word_1_185' title='bbox 904 3369 1000 3458; x_wconf 68' lang='lat' dir='ltr'><strong>idrus</strong></span> <span class='ocrx_word' id='word_1_186' title='bbox 1022 3407 1048 3460; x_wconf 81' lang='grc' dir='ltr'><em>Τ</em></span> <span class='ocrx_word' id='word_1_187' title='bbox 1135 3408 1227 3475; x_wconf 76' lang='lat' dir='ltr'><strong>dpre·</strong></span> 
     </span>
    </p>
   </div>
   <div class='ocr_carea' id='block_1_11' title="bbox 106 3496 1160 3579">
    <p class='ocr_par' dir='ltr' id='par_1_13' title="bbox 106 3496 1160 3579">
     <span class='ocr_line' id='line_1_28' title="bbox 106 3496 1160 3579; baseline 0.006 -6"><span class='ocrx_word' id='word_1_188' title='bbox 106 3520 195 3574; x_wconf 85' lang='lat' dir='ltr'><strong>standi</strong></span> <span class='ocrx_word' id='word_1_189' title='bbox 222 3521 248 3573; x_wconf 93' lang='grc' dir='ltr'><strong><em>Β</em></strong></span> <span class='ocrx_word' id='word_1_190' title='bbox 358 3520 375 3574; x_wconf 84' lang='lat'>4</span> <span class='ocrx_word' id='word_1_191' title='bbox 402 3521 506 3575; x_wconf 84' lang='lat' dir='ltr'><strong>celestis</strong></span> <span class='ocrx_word' id='word_1_192' title='bbox 534 3524 561 3577; x_wconf 94' lang='grc' dir='ltr'><strong><em>Β</em></strong></span> <span class='ocrx_word' id='word_1_193' title='bbox 670 3496 848 3578; x_wconf 65' lang='lat' dir='ltr'><strong>addldtionem</strong></span> <span class='ocrx_word' id='word_1_194' title='bbox 879 3526 904 3579; x_wconf 85' lang='lat' dir='ltr'><em>T</em></span> <span class='ocrx_word' id='word_1_195' title='bbox 927 3526 966 3578; x_wconf 84' lang='lat' dir='ltr'><strong>sic</strong></span> <span class='ocrx_word' id='word_1_196' title='bbox 992 3540 1061 3579; x_wconf 67' lang='lat' dir='ltr'><strong>coer.</strong></span> <span class='ocrx_word' id='word_1_197' title='bbox 1088 3528 1160 3579; x_wconf 64' lang='grc' dir='ltr'><em>Μ</em></span> 
     </span>
    </p>
   </div>
   <div class='ocr_carea' id='block_1_12' title="bbox 106 3624 1228 3766">
    <p class='ocr_par' dir='ltr' id='par_1_14' title="bbox 106 3624 1228 3766">
     <span class='ocr_line' id='line_1_29' title="bbox 107 3624 1228 3697; baseline 0.006 -22"><span class='ocrx_word' id='word_1_198' title='bbox 107 3624 244 3678; x_wconf 88' lang='lat' dir='ltr'><strong>domineb</strong></span> <span class='ocrx_word' id='word_1_199' title='bbox 348 3624 419 3678; x_wconf 80' lang='lat' dir='ltr'><strong>bmi</strong></span> <span class='ocrx_word' id='word_1_200' title='bbox 438 3624 488 3692; x_wconf 85' lang='lat' dir='ltr'><strong>Pb,</strong></span> <span class='ocrx_word' id='word_1_201' title='bbox 515 3642 543 3679; x_wconf 91' lang='lat' dir='ltr'><strong>m</strong></span> <span class='ocrx_word' id='word_1_202' title='bbox 564 3627 593 3692; x_wconf 83' lang='lat' dir='ltr'><strong>T,</strong></span> <span class='ocrx_word' id='word_1_203' title='bbox 621 3626 687 3679; x_wconf 91' lang='lat' dir='ltr'><strong>mihi</strong></span> <span class='ocrx_word' id='word_1_204' title='bbox 704 3626 791 3679; x_wconf 80' lang='lat' dir='ltr'><strong>BLV</strong></span> <span class='ocrx_word' id='word_1_205' title='bbox 889 3627 1011 3681; x_wconf 79' lang='lat' dir='ltr'><strong>duestre</strong></span> <span class='ocrx_word' id='word_1_206' title='bbox 1028 3628 1055 3681; x_wconf 93' lang='grc' dir='ltr'><strong><em>Β</em></strong></span> <span class='ocrx_word' id='word_1_207' title='bbox 1151 3644 1228 3697; x_wconf 89' lang='lat' dir='ltr'><strong>opor·</strong></span> 
     </span>
     <span class='ocr_line' id='line_1_30' title="bbox 106 3709 693 3766; baseline 0.007 -5"><span class='ocrx_word' id='word_1_208' title='bbox 106 3711 208 3765; x_wconf 86' lang='lat' dir='ltr'><strong>tunitas</strong></span> <span class='ocrx_word' id='word_1_209' title='bbox 226 3709 377 3765; x_wconf 79' lang='lat' dir='ltr'><strong>BLPTVb</strong></span> <span class='ocrx_word' id='word_1_210' title='bbox 481 3712 495 3764; x_wconf 82' lang='lat' dir='ltr'><strong>l</strong></span> <span class='ocrx_word' id='word_1_211' title='bbox 514 3712 648 3766; x_wconf 87' lang='lat' dir='ltr'><strong>reuelletis</strong></span> <span class='ocrx_word' id='word_1_212' title='bbox 667 3713 693 3765; x_wconf 96' lang='grc' dir='ltr'><strong><em>Β</em></strong></span> 
     </span>
    </p>
   </div>
   <div class='ocr_carea' id='block_1_13' title="bbox 108 3813 1227 3969">
    <p class='ocr_par' dir='ltr' id='par_1_15' title="bbox 108 3813 1227 3969">
     <span class='ocr_line' id='line_1_31' title="bbox 158 3813 1160 3883; baseline 0.005 -16"><span class='ocrx_word' id='word_1_213' title='bbox 158 3813 282 3867; x_wconf 85' lang='lat' dir='ltr'>XXXVI.</span> <span class='ocrx_word' id='word_1_214' title='bbox 317 3813 468 3868; x_wconf 81' lang='lat' dir='ltr'><strong>eboeehio</strong></span> <span class='ocrx_word' id='word_1_215' title='bbox 492 3815 591 3871; x_wconf 87' lang='lat' dir='ltr'><strong>BLVb</strong></span> <span class='ocrx_word' id='word_1_216' title='bbox 696 3817 728 3871; x_wconf 88' lang='lat'><strong>10</strong></span> <span class='ocrx_word' id='word_1_217' title='bbox 754 3818 872 3883; x_wconf 83' lang='lat' dir='ltr'><strong>precium</strong></span> <span class='ocrx_word' id='word_1_218' title='bbox 894 3817 921 3871; x_wconf 94' lang='grc' dir='ltr'><strong><em>Β</em></strong></span> <span class='ocrx_word' id='word_1_219' title='bbox 1026 3817 1115 3872; x_wconf 82' lang='lat' dir='ltr'><strong>retiola</strong></span> <span class='ocrx_word' id='word_1_220' title='bbox 1132 3818 1160 3872; x_wconf 97' lang='grc' dir='ltr'><strong><em>Β</em></strong></span> 
     </span>
     <span class='ocr_line' id='line_1_32' title="bbox 108 3899 1227 3969; baseline 0.008 -18"><span class='ocrx_word' id='word_1_221' title='bbox 108 3899 138 3951; x_wconf 95' lang='grc'><strong>11</strong></span> <span class='ocrx_word' id='word_1_222' title='bbox 153 3899 307 3953; x_wconf 87' lang='lat' dir='ltr'><strong>credibatnr</strong></span> <span class='ocrx_word' id='word_1_223' title='bbox 320 3900 346 3953; x_wconf 91' lang='grc' dir='ltr'><strong><em>Β</em></strong></span> <span class='ocrx_word' id='word_1_224' title='bbox 445 3902 477 3955; x_wconf 81' lang='grc'><strong>12</strong></span> <span class='ocrx_word' id='word_1_225' title='bbox 496 3902 618 3957; x_wconf 81' lang='lat' dir='ltr'><strong>efferuuit</strong></span> <span class='ocrx_word' id='word_1_226' title='bbox 632 3902 659 3955; x_wconf 89' lang='grc' dir='ltr'><strong><em>Β</em></strong></span> <span class='ocrx_word' id='word_1_227' title='bbox 758 3903 791 3955; x_wconf 84' lang='grc'><strong>13</strong></span> <span class='ocrx_word' id='word_1_228' title='bbox 808 3900 933 3969; x_wconf 86' lang='lat' dir='ltr'><strong>epistolae</strong></span> <span class='ocrx_word' id='word_1_229' title='bbox 950 3901 978 3956; x_wconf 73' lang='lat'><strong>1.</strong></span> <span class='ocrx_word' id='word_1_230' title='bbox 1083 3904 1114 3958; x_wconf 87' lang='lat'><strong>15</strong></span> <span class='ocrx_word' id='word_1_231' title='bbox 1131 3904 1227 3959; x_wconf 88' lang='lat' dir='ltr'><strong>florum</strong></span> 
     </span>
    </p>
   </div>
   <div class='ocr_carea' id='block_1_14' title="bbox 106 3984 1227 4129">
    <p class='ocr_par' dir='ltr' id='par_1_16' title="bbox 106 3984 1227 4129">
     <span class='ocr_line' id='line_1_33' title="bbox 107 3984 1227 4059; baseline 0.007 -22"><span class='ocrx_word' id='word_1_232' title='bbox 107 3984 133 4037; x_wconf 91' lang='grc' dir='ltr'><strong><em>Β</em></strong></span> <span class='ocrx_word' id='word_1_233' title='bbox 237 3986 270 4038; x_wconf 89' lang='grc'><strong>16</strong></span> <span class='ocrx_word' id='word_1_234' title='bbox 287 3988 352 4041; x_wconf 84' lang='lat' dir='ltr'><strong>susis</strong></span> <span class='ocrx_word' id='word_1_235' title='bbox 371 3989 398 4043; x_wconf 92' lang='grc' dir='ltr'><strong><em>Β</em></strong></span> <span class='ocrx_word' id='word_1_236' title='bbox 502 3987 609 4041; x_wconf 83' lang='lat' dir='ltr'><strong>haberis</strong></span> <span class='ocrx_word' id='word_1_237' title='bbox 628 3990 654 4042; x_wconf 96' lang='grc' dir='ltr'><strong><em>Β</em></strong></span> <span class='ocrx_word' id='word_1_238' title='bbox 760 3989 792 4042; x_wconf 92' lang='grc'><strong>18</strong></span> <span class='ocrx_word' id='word_1_239' title='bbox 816 3991 957 4055; x_wconf 88' lang='lat' dir='ltr'><strong>temporem</strong></span> <span class='ocrx_word' id='word_1_240' title='bbox 974 3988 1002 4040; x_wconf 92' lang='lat' dir='ltr'><em>B</em></span> <span class='ocrx_word' id='word_1_241' title='bbox 1105 3989 1227 4059; x_wconf 85' lang='lat' dir='ltr'><strong>frigiscas</strong></span> 
     </span>
     <span class='ocr_line' id='line_1_34' title="bbox 106 4069 719 4129; baseline 0.01 -6"><span class='ocrx_word' id='word_1_242' title='bbox 106 4070 133 4123; x_wconf 92' lang='grc' dir='ltr'><strong><em>Β</em></strong></span> <span class='ocrx_word' id='word_1_243' title='bbox 237 4069 269 4123; x_wconf 79' lang='grc'><strong>21</strong></span> <span class='ocrx_word' id='word_1_244' title='bbox 289 4072 428 4127; x_wconf 87' lang='lat' dir='ltr'><strong>multisB</strong></span> <span class='ocrx_word' id='word_1_245' title='bbox 530 4072 664 4127; x_wconf 85' lang='lat' dir='ltr'><strong>iucombas</strong></span> <span class='ocrx_word' id='word_1_246' title='bbox 685 4074 719 4129; x_wconf 80' lang='grc' dir='ltr'><strong>Τι</strong></span> 
     </span>
    </p>
   </div>
   <div class='ocr_carea' id='block_1_15' title="bbox 112 4170 1228 4314">
    <p class='ocr_par' dir='ltr' id='par_1_17' title="bbox 112 4170 1228 4314">
     <span class='ocr_line' id='line_1_35' title="bbox 157 4170 1228 4245; baseline 0.006 -18"><span class='ocrx_word' id='word_1_247' title='bbox 157 4170 298 4228; x_wconf 86' lang='lat' dir='ltr'>XXXVII.</span> <span class='ocrx_word' id='word_1_248' title='bbox 333 4175 366 4229; x_wconf 83' lang='lat'><strong>23</strong></span> <span class='ocrx_word' id='word_1_249' title='bbox 395 4176 500 4229; x_wconf 88' lang='lat' dir='ltr'><strong>boethio</strong></span> <span class='ocrx_word' id='word_1_250' title='bbox 528 4176 613 4229; x_wconf 86' lang='lat' dir='ltr'><strong>BLV</strong></span> <span class='ocrx_word' id='word_1_251' title='bbox 680 4218 684 4227; x_wconf 90' lang='lat'>.</span> <span class='ocrx_word' id='word_1_252' title='bbox 722 4176 757 4229; x_wconf 75' lang='lat'><strong>24</strong></span> <span class='ocrx_word' id='word_1_253' title='bbox 782 4179 862 4229; x_wconf 87' lang='lat' dir='ltr'><strong>tenne</strong></span> <span class='ocrx_word' id='word_1_254' title='bbox 889 4177 915 4229; x_wconf 95' lang='grc' dir='ltr'><strong><em>Β</em></strong></span> <span class='ocrx_word' id='word_1_255' title='bbox 1019 4181 1111 4245; x_wconf 81' lang='lat' dir='ltr'><strong>surget</strong></span> <span class='ocrx_word' id='word_1_256' title='bbox 1136 4179 1228 4233; x_wconf 81' lang='grc' dir='ltr'><strong>ΒΡΤι</strong></span> 
     </span>
     <span class='ocr_line' id='line_1_36' title="bbox 112 4258 464 4314; baseline 0.011 -4"><span class='ocrx_word' id='word_1_257' title='bbox 112 4258 151 4311; x_wconf 86' lang='lat' dir='ltr'><strong>Vb</strong></span> <span class='ocrx_word' id='word_1_258' title='bbox 255 4259 288 4312; x_wconf 81' lang='lat'><strong>25</strong></span> <span class='ocrx_word' id='word_1_259' title='bbox 307 4260 419 4314; x_wconf 87' lang='lat' dir='ltr'><strong>secunde</strong></span> <span class='ocrx_word' id='word_1_260' title='bbox 437 4261 464 4314; x_wconf 91' lang='grc' dir='ltr'><strong><em>Β</em></strong></span> 
     </span>
    </p>
   </div>
   <div class='ocr_carea' id='block_1_16' title="bbox 0 0 1503 4967">
    <p class='ocr_par' dir='ltr' id='par_1_18' title="bbox 0 0 1503 4967">
     <span class='ocr_line' id='line_1_37' title="bbox 0 0 1503 4967; baseline 0 0"><span class='ocrx_word' id='word_1_261' title='bbox 0 0 1503 4967; x_wconf 95' lang='lat' dir='ltr'><strong> </strong></span> 
     </span>
    </p>
   </div>
  </div>
 </body>
</html>
