2992 4967
351 337 466 409 Opuse.
484 338 521 395 lL
545 336 702 396 Libellus
719 352 778 407 pro
795 338 928 407 synodo.
1137 339 1199 407 317

74 532 180 613 bonis,
202 528 238 596 ut
260 529 366 601 ussus
387 544 566 601 conoessum
589 528 651 607 est,
679 526 771 598 undis
798 526 907 596 obluta
933 527 1039 609 ipsum
1065 527 1106 592 ed
1128 544 1200 612 pos·

75 633 226 706 sessionis
248 650 321 706 soon
344 631 458 702 tende
478 628 644 717 priuilegio
659 630 788 702 seeum
807 629 985 717 apostolum
1004 629 1115 708 bisnei
1129 649 1202 701 ouo·

75 756 152 814 esre
177 738 211 803 et
238 738 318 823 quod
347 736 415 825 egit
442 734 586 819 precibus
610 733 750 807 humens
777 749 853 802 uooe
878 733 1079 821 loquetetur?
1105 752 1203 821 pesse

76 842 106 912 si
123 840 284 919 subiretis,
308 837 384 917 boso
400 839 530 908 uiseret:
557 836 639 908 “iiii
661 837 875 917 bominum,
897 854 1095 920 usquequo
1113 854 1203 922 gro·

51 962 150 1013 euos
174 941 313 1009 sordes
336 942 378 1005 nt
399 941 494 1025 quid
515 939 693 1025 diligitis
715 938 1203 1024 usuitetemetpuseritie

77 1043 354 1119 mendesium?
380 1041 534 1108 seitote
556 1042 739 1125 quonism
760 1040 1004 1114 mirifieeuit
1025 1042 1205 1109 domiuus

77 1150 268 1225 sspotum
304 1163 425 1213 suum.
469 1145 544 1229 quid
581 1145 721 1217 stabilite
758 1144 873 1214 Christi
907 1147 1052 1213 monibus
1088 1145 1202 1229 eupitis

76 1250 290 1322 fundnmonis
308 1248 481 1318 subruere?
503 1248 578 1331 quid
601 1266 712 1320 omum
734 1249 934 1333 possessionis
957 1249 1086 1335 penum
1105 1248 1204 1330 illins,

79 1356 137 1439 qni
159 1372 214 1443 per
236 1352 344 1437 oulpss
367 1350 550 1431 ineenset,
573 1352 671 1418 ariete
692 1351 834 1435 pulsetis,
856 1357 888 1421 eb
910 1352 1082 1420 dunbiem
1104 1352 1206 1422 ooole·

45 1457 202 1533 nsipsfiei
223 1456 328 1543 gregis
350 1453 439 1527 nouis
462 1471 511 1526 me
533 1454 648 1541 etpost
663 1472 789 1530 earnem
804 1457 994 1539 passionibus
1008 1456 1205 1541 subiugatis?

80 1560 263 1637 inauditum
285 1555 440 1641 sessilegii
459 1574 558 1644 genus
574 1557 630 1639 est,
654 1557 736 1643 quod
750 1560 900 1626 menbtse
913 1558 1074 1644 neiigionis
1089 1559 1205 1627 bonore

82 1664 246 1735 solenniis
270 1660 453 1736 dehonestat
475 1660 645 1730 uenerandi
667 1661 875 1734 reuerentiam
894 1664 1027 1730 nominis
1047 1661 1102 1745 qui
1116 1662 1207 1730 odiu·

83 1768 186 1831 torem
201 1784 233 1829 se
248 1766 280 1829 in
303 1762 363 1839 bis,
379 1778 458 1845 quse
472 1762 505 1825 in
520 1762 613 1827 deum
632 1764 728 1828 ieotut
751 1764 915 1843 sonnisse,
936 1764 1110 1847 poliioebur.
1133 1783 1207 1831 oon·

82 1867 233 1935 tumelioe
262 1884 359 1951 genus
387 1864 448 1941 est,
483 1864 571 1947 qussi
598 1865 633 1929 in
663 1866 777 1931 eolesio
805 1866 911 1932 edesse
939 1866 1081 1943 sublimi,
1115 1868 1203 1934 iusto

47 1970 278 2055 nespostelum:
312 1971 354 2033 tu
376 1968 463 2053 quis
485 1985 539 2053 ee,
567 1968 635 2051 qui
657 1967 809 2035 iudiees
832 1970 1007 2037 eliseum
1030 1972 1206 2040 seruum?

85 2074 163 2157 quid
186 2070 312 2138 auribus
334 2070 477 2153 inperitis
499 2068 643 2137 iniudibis
659 2073 691 2135 eb
704 2072 880 2155 grauiorem
903 2072 1060 2139 uindictae
1075 2072 1210 2158 speeiem

85 2177 193 2243 ieeitis
221 2194 285 2241 esse
314 2193 407 2258 quem
438 2173 570 2257 eulpae?
603 2174 629 2239 si
657 2175 764 2240 odium
791 2175 912 2243 debetis
934 2177 1122 2255 excessibus,
1152 2194 1207 2241 uos

86 2279 247 2345 mundate.
282 2296 336 2343 eur
358 2275 487 2341 liberius
511 2274 725 2342 condemnetis
746 2277 865 2345 scelere
886 2296 979 2362 quem
1001 2276 1133 2345 nitetis?
1160 2277 1210 2347 sui

86 2381 278 2465 inpugnator
306 2379 354 2445 est
389 2377 442 2461 qui
470 2377 682 2443 fornicationis
712 2376 822 2445 oifieiis
853 2381 965 2467 urguet
994 2380 1150 2447 adulteris
1178 2382 1212 2447 eb

51 2503 76 2545 se
87 2504 145 2569 per
161 2482 338 2550 animarum
359 2484 467 2564 stupra
482 2480 583 2547 menis
597 2483 731 2548 soeuset.
759 2483 911 2568 seriptum
925 2503 1037 2567 nempe
1052 2484 1209 2550 retinebis:

87 2584 298 2656 maledieti
326 2602 458 2651 omnes
488 2586 551 2667 qui
575 2582 830 2651 fornicantur
851 2588 918 2653 ebs
941 2587 987 2651 te.
1023 2585 1112 2652 foede
1140 2603 1211 2671 ergo

88 2709 109 2755 a
132 2690 235 2755 nitore
257 2686 374 2754 domiui
395 2688 444 2753 sni
467 2687 657 2775 obligatione
680 2688 861 2757 dissoluitur
884 2690 937 2774 qui
958 2690 1087 2757 statutis
1109 2689 1209 2756 oeele-

89 2793 193 2859 stibus
221 2793 324 2858 minus
352 2810 437 2858 mers
464 2790 524 2857 fide
547 2790 694 2879 dependit
716 2790 828 2858 officis
862 2792 1065 2877 possessionis
1088 2792 1211 2860 nostras

196 2978 263 3033 lei.
276 2976 319 3032 iis.
336 2978 389 3045 6,7
466 2976 617 3045 osseo
696 2978 728 3035 15
746 2978 820 3034 Rom.
834 2978 907 3048 14,4
983 2976 1074 3033 21Pe.
1093 2978 1180 3047 1227

147 3166 265 3223 usses
281 3166 323 3234 s,
349 3133 431 3252 iesse
455 3166 484 3233 V,
511 3168 576 3223 see
598 3167 633 3233 n,
660 3167 741 3223 sese
759 3167 871 3225 Auen
970 3140 1041 3223 snei
1056 3169 1097 3236 n,
1124 3170 1156 3224 ut
1172 3169 1214 3225 en

92 3288 130 3354 n,
158 3290 191 3341 ue
207 3285 250 3341 nn
267 3303 293 3341 m
396 3286 496 3341 anuos
514 3302 541 3343 e
643 3286 659 3340 o
682 3260 763 3341 sines
781 3287 809 3341 s
911 3286 929 3340 s
947 3287 975 3340 e
992 3302 1043 3342 om.
1061 3289 1150 3344 snm

93 3374 135 3429 sib
152 3372 233 3429 esim
328 3370 465 3443 preeoibns
482 3372 510 3426 Β
605 3373 623 3431 4
640 3371 689 3429 boo
702 3372 784 3429 Sino.
883 3370 935 3431 filii
950 3371 1033 3427 Abs
1124 3375 1216 3442 grauis

94 3456 150 3518 BR
240 3458 258 3515 5
275 3459 306 3511 ub
323 3473 350 3526 q.
367 3456 391 3513 d.
410 3473 452 3513 us.
470 3462 498 3512 eb
514 3474 540 3529 q.
558 3474 592 3513 m.
611 3458 704 3515 scitote
721 3473 746 3531 q.
765 3472 801 3517 m.
819 3457 845 3515 d.
864 3473 885 3511 s.
903 3473 980 3514 suum
1000 3459 1026 3512 Τ
1112 3460 1129 3513 6
1146 3476 1218 3518 mon·

94 3544 200 3601 <istium
218 3542 246 3604 Β
340 3542 419 3613 ‘iqui
437 3542 463 3599 Β
553 3542 703 3601 stobilitsbe
718 3543 747 3600 Β
840 3543 857 3597 8
874 3543 1027 3600 subuertere
1044 3545 1060 3598 b
1151 3547 1217 3617 quid

95 3628 204 3686 -112
222 3630 345 3685 eelorotis
362 3645 412 3686 om.
429 3646 456 3685 m
563 3631 579 3685 9
597 3628 740 3685 iuueuisoib
757 3628 844 3685 BLV
942 3630 981 3698 eb]
1000 3632 1032 3683 nt
1048 3629 1076 3684 Β
1177 3631 1219 3688 di·

96 3716 201 3773 uisione
212 3714 295 3771 Sim.
390 3714 548 3776 eolesieetioi
560 3716 595 3784 Β,
614 3714 792 3798 ecelesiastiee
803 3714 830 3769 Β
922 3716 955 3771 10
965 3716 1113 3786 nouissime
1123 3718 1151 3773 Δ

96 3804 131 3861 12
154 3802 332 3858 reuerentiam
356 3800 389 3869 <ti
407 3806 485 3869 corr.)
512 3800 536 3856 Τ
638 3802 670 3861 13
693 3800 837 3869 pollieeonr
859 3800 887 3862 L
990 3802 1024 3859 14
1045 3800 1142 3859 obse
1163 3803 1218 3861 Ab

96 3886 157 3948 RV
257 3889 289 3943 15
307 3886 367 3959 puis
384 3887 422 3964 es]
440 3903 468 3943 es
486 3888 533 3959 qni
551 3890 578 3943 A
680 3887 777 3949 indieis
794 3887 861 3945 BV¹
965 3888 998 3943 18
1018 3888 1219 3960 condempnatis

97 3976 155 4035 Ab
258 3974 353 4029 uibtis
370 3974 400 4043 b,
427 3973 523 4031 nitetis
541 3974 764 4033 ABLPRTVm
866 3975 898 4029 19
921 3975 1015 4044 unguit
1031 3974 1073 4042 Β,
1099 3976 1222 4048 uspeti'

98 4080 134 4145 Β)
148 4076 246 4138 stnbrs
259 4078 285 4146 (b
298 4094 333 4135 eu
344 4095 362 4149 p
374 4084 454 4146 coss.)
472 4079 507 4147 Β,
534 4084 628 4151 sbupno
639 4082 733 4150 stupro
749 4080 818 4146 fori.
908 4079 942 4137 21
960 4050 1109 4136 semissen
1124 4079 1154 4134 Β

97 4164 177 4225 ineos
188 4163 224 4231 Β,
247 4162 306 4221 reue
318 4163 457 4237 uum
545 4166 760 4237 ssebbegebiene
770 4164 884 4221 BLTV
979 4163 1154 4221 211Μώ111»

99 4266 277 4338 possessionen
299 4268 334 4327 ν·
437 4252 501 4325 uie
517 4269 599 4327 nes
