2992 4967
626 312 739 385 Magni
756 314 885 369 Felicis
901 313 1031 369 Ennodi

803 604 859 670 VI.

531 776 646 831 FLoRo
665 775 709 831 ΕΤ
728 775 915 831 DEOORA'I'O
935 774 1126 832 ENNODIVS.

311 917 442 983 Permisi
469 916 615 981 hactenus
642 916 892 999 magnitudinem
924 917 1061 982 uestram
1094 916 1305 983 mobilitatem
1337 918 1392 983 Ii·

269 1038 381 1105 gurum
403 1020 537 1085 urbanae
559 1016 630 1084 inco
653 1016 873 1101 disputationis
895 1018 1058 1102 incessero,
1081 1022 1155 1102 quie
1177 1022 1209 1085 et
1231 1041 1282 1087 me
1304 1023 1392 1105 origo

268 1123 417 1189 reddebat
437 1122 576 1187 alienum
598 1126 629 1186 et
650 1136 706 1186 uos
730 1121 769 1185 ab
791 1138 899 1187 sorum
921 1122 1023 1203 culpis
1044 1125 1221 1190 constantia
1236 1126 1424 1208 promissas

268 1227 450 1291 seiunxerat.
484 1224 538 1289 sed
571 1240 641 1289 cum
678 1241 742 1288 una
773 1225 857 1288 sorte
890 1224 929 1289 ab
958 1226 1056 1291 ocubs
1085 1228 1196 1292 uestris
1227 1231 1259 1293 et
1286 1230 1393 1293 mente

269 1330 402 1413 discessi,
425 1326 581 1411 praeconis
598 1345 672 1393 uooe
687 1328 842 1393 contestor
864 1330 1020 1394 neminem
1035 1328 1182 1394 damnare
1205 1348 1293 1412 posse
1309 1330 1392 1412 quod

267 1432 409 1515 sequitur
438 1449 494 1495 neo
515 1430 601 1496 saluo
631 1432 747 1514 pudore
770 1433 958 1497 sententiam
983 1431 1155 1498 excessibus
1177 1433 1295 1497 dictare
1317 1452 1388 1515 pec·

267 1537 399 1603 cantem.
434 1534 481 1599 ios
510 1538 559 1599 est
586 1532 700 1599 liberos
724 1553 744 1599 a
771 1536 862 1600 reatu
885 1535 963 1601 uitia
990 1534 1154 1601 detestari:
1189 1536 1257 1617 quis
1293 1553 1391 1617 aequo

267 1638 370 1704 animo
396 1638 479 1703 ierat
505 1637 689 1702 monitorem
717 1639 799 1719 quod
825 1639 928 1703 uerbis
952 1637 1084 1703 destruit
1106 1637 1228 1703 actibus
1257 1657 1318 1703 non
1341 1640 1424 1704 uir·

267 1742 356 1805 tere?
377 1738 532 1822 euangelii
563 1740 718 1804 sententia
740 1743 788 1804 est
810 1741 872 1821 qui
895 1740 1040 1805 lecerit
1061 1744 1100 1807 et
1127 1742 1309 1807 docuerit
1331 1742 1392 1806 sie

267 1842 396 1927 dignum
419 1841 469 1907 dei
490 1843 592 1929 gratia
622 1860 711 1924 posse
739 1842 877 1909 iudicari.
906 1842 997 1909 uobis
1024 1845 1165 1927 copiosus
1195 1862 1296 1909 sermo
1331 1846 1389 1928 est,

267 1946 408 2030 quotiens
431 1963 516 2011 error
538 1943 690 2029 arguitur,
714 1948 745 2010 et
764 1944 822 2009 sub
845 1946 1088 2011 conuersationis
1109 1945 1310 2031 neglegentia
1331 1964 1389 2029 pu-

266 2049 343 2115 ritas
365 2048 579 2133 amplectenda
600 2047 777 2114 uerborum.
815 2048 994 2131 perdidistis
1022 2050 1222 2115 lacrimarum
1246 2067 1390 2114 mearum

266 2154 466 2233 memoriam,
503 2168 596 2233 quam
629 2150 857 2217 discedentibus
887 2150 1004 2235 gemini
1028 2150 1142 2217 doloris
1163 2154 1243 2216 ictus
1267 2150 1422 2217 effoditis

266 2274 335 2321 ecce
357 2254 465 2338 quenti
495 2254 561 2319 dies
590 2261 677 2338 sunt,
711 2254 745 2318 in
774 2253 887 2335 quibus
909 2256 969 2320 sub
996 2258 1086 2321 tanta
1108 2254 1280 2336 frequentia
1302 2272 1389 2319 com-

265 2360 424 2422 meentum
447 2357 534 2423 nulle
563 2374 659 2438 neque
682 2355 789 2421 domni
813 2356 874 2419 mei
896 2357 988 2421 amici
1016 2357 1113 2421 uestri
1143 2375 1242 2439 neque
1271 2361 1389 2436 uestra,

266 2478 343 2543 quse
372 2460 410 2525 de
438 2458 493 2524 illo
522 2478 587 2524 rem
616 2459 682 2524 uoti
704 2459 854 2539 indicent,
886 2460 1003 2542 scripta
1025 2460 1170 2541 suscipio.
1210 2459 1389 2525 absoluistie

265 2564 440 2629 imitatione
463 2562 643 2645 culpabiles,
659 2582 719 2629 non
743 2562 825 2645 quod
840 2562 1006 2645 Liguribus
1029 2564 1167 2628 euenerit
1182 2564 1387 2647 propositum,

265 2671 417 2751 quantum
440 2684 495 2731 uos
518 2666 636 2745 dicitis,
666 2665 862 2731 infidelitatis
885 2666 1038 2742 amittere,
1062 2670 1116 2731 sed
1140 2668 1221 2750 quod
1244 2685 1295 2733 eos
1318 2686 1420 2734 con-ae

265 2768 373 2854 tigerit
387 2770 545 2834 inuenisse
567 2770 601 2834 in
617 2766 665 2833 his
681 2786 758 2851 quae
774 2770 847 2833 sunt
860 2769 990 2834 uitanda
1004 2775 1166 2835 consortes.
1190 2789 1263 2855 rogo
1280 2777 1387 2837 tamen

265 2872 393 2938 seruitio
417 2870 617 2938 salutationis
639 2870 791 2951 exhibito,
821 2873 858 2936 ut
884 2872 1010 2938 tandem
1039 2873 1204 2955 aliquando
1225 2880 1388 2958 tamquam

265 2974 337 3039 boni
359 2974 476 3039 domini
498 2992 623 3056 precum
645 2990 788 3038 mearum
816 2992 966 3040 memores
988 2975 1225 3058 prosperitatem
1249 2982 1387 3043 uestram

265 3078 315 3142 uel
338 3077 443 3141 domni
466 3076 528 3140 mei
551 3076 698 3141 amatoris
721 3076 820 3141 uestri
842 3079 984 3143 reseretis
1005 3080 1120 3143 muniis
1143 3078 1333 3144 litterarum.

366 3296 397 3353 11
422 3294 524 3353 Matth.
540 3298 565 3363 ὅ,
585 3298 617 3352 19

314 3501 362 3559 vl.
393 3501 411 3557 3
429 3500 566 3571 permihiei
583 3502 611 3556 B
702 3503 812 3557 eotenm
829 3502 859 3557 Β
951 3502 1105 3564 mobilitate
1122 3504 1180 3559 LV
1267 3506 1386 3577 ligerum

264 3604 312 3660 Bb
396 3594 555 3660 dinaeassr'
571 3604 599 3659 Β
684 3606 885 3661 boeiunexerat
899 3606 960 3661 m
1043 3606 1221 3678 'ldampnare
1237 3610 1323 3666 m

263 3708 280 3763 9
302 3709 394 3775 aBb,
421 3724 471 3765 cm.
489 3708 572 3764 ΜΨ
674 3708 707 3764 10
733 3708 852 3765 dirmuet
878 3710 906 3764 B
1010 3711 1043 3765 13
1067 3712 1238 3782 negligentia
1263 3714 1320 3771 Μ’

264 3812 296 3865 16
322 3811 465 3869 amoena
486 3811 526 3878 Β,
555 3811 707 3869 subtantia
733 3814 762 3869 L
862 3814 1067 3872 commeantium
1096 3816 1122 3871 Τ
1222 3818 1255 3873 17
1283 3818 1385 3875 domim

263 3912 334 3967 Mo
436 3913 470 3968 19
489 3913 632 3984 culpabilia
649 3914 698 3973 Bb
801 3916 931 3986 moribus
953 3916 1003 3974 Bo
1105 3919 1239 4003 etaeniret
1255 3920 1298 3989 B,
1321 3938 1385 3995 pua

262 4018 333 4071 niret
350 4016 378 4071 B
394 4017 427 4083 (a.
445 4016 463 4071 t
481 4032 515 4071 m.
532 4020 597 4086 reo.)
614 4019 630 4074 b
729 4017 768 4073 ‘ao
789 4018 887 4074 dicetis
909 4018 957 4073 Bo
1059 4020 1092 4077 al
1115 4023 1248 4079 connrtis
1264 4023 1317 4079 Bb

262 4116 407 4174 22eribito
417 4116 485 4175 ΒΕ·
578 4119 716 4176 23domni
728 4121 766 4188 B,
788 4122 891 4179 domini
903 4122 1007 4181 ΜΠ)
1101 4127 1316 4186 memmenni

263 4220 361 4276 uestris
379 4219 407 4276 B
425 4224 469 4288 (m.
488 4224 552 4293 ree.)
570 4223 586 4278 b
1057 4246 1061 4256 ·
