2992 4967
398 378 514 449 Opuso.
532 379 586 436 111.
611 378 691 434 Vita
707 376 740 435 B.
758 376 935 447 Epiphani.
1168 378 1233 444 34?-

100 572 148 636 sio
169 588 305 653 namque
328 568 431 635 Dauid
453 569 692 652 prsediosbilsm
715 569 864 650 parcendi
891 569 994 651 msg's
1014 566 1143 632 inimioo
1164 567 1232 632 snb

99 692 175 739 mus
197 673 332 741 reddidit
354 690 447 756 quam
463 672 810 739 intentiouindioandi:
831 670 879 737 aia
893 670 1231 753 perlootbaaeaulorum

99 791 191 861 reges
208 781 239 841 at
255 777 373 842 domini
389 776 638 858 supplioantibns
653 776 818 858 indulgere
826 773 954 843 eaolesti
965 772 1035 838 arte
1046 772 1233 838 didicerunt.

99 896 254 961 supernae
285 896 419 961 namquo
449 879 670 945 dominationis
697 878 801 944 instar
829 876 968 961 possidet
989 875 1044 959 qni
1067 876 1233 957 imperium

75 1000 199 1048 esuum
226 982 342 1063 pietats
373 980 532 1047 sublimat.
572 982 631 1046 hoo
661 998 733 1064 orgo
763 980 859 1047 ltalia
888 983 994 1045 uestra
1015 980 1097 1045 freta
1118 978 1233 1043 iudioio

101 1085 156 1150 nol
179 1084 325 1151 Rioamer
354 1085 503 1168 petrinius
533 1086 722 1168 paruitstanr
745 1101 848 1150 meam
870 1089 993 1149 oratum
1018 1082 1149 1159 direxit,
1181 1081 1232 1145 in·

99 1176 286 1253 dubitanter
309 1188 472 1265 oonioiens,
497 1188 578 1271 quod
599 1206 709 1272 paoem
724 1188 885 1252 Romanus
899 1192 957 1253 deo
972 1204 1087 1252 munna
1102 1186 1233 1263 tribuat,

99 1306 198 1375 quam
221 1291 365 1374 praeatus
387 1295 419 1355 ot
440 1292 598 1357 barbarus.
634 1292 695 1357 erit
715 1294 798 1357 anim
822 1291 1001 1375 triumphus
1023 1290 1139 1356 uestris
1160 1305 1233 1372 pro·

101 1394 172 1476 pria
202 1394 384 1475 profuturus
413 1392 596 1472 annalibus,
626 1394 655 1458 si
683 1393 754 1459 sina
783 1394 935 1478 sangnine
955 1393 1105 1459 nieeritis.
1136 1390 1231 1457 umal

55 1516 90 1555 uo
102 1498 210 1562 nesoio
234 1514 313 1579 quae
334 1500 451 1579 speeies
474 1498 584 1562 sortior
605 1499 705 1580 possit
720 1514 789 1563 essa
805 1495 958 1563 bellorum
973 1514 1068 1580 qaam
1084 1494 1232 1562 dimisero

102 1602 214 1665 eonba
235 1599 428 1665 iratundiam
445 1602 476 1665 et
499 1600 682 1667 ferocissimi
698 1598 796 1665 Gaias
818 1601 968 1683 pudorem
991 1616 1117 1664 onerare
1138 1598 1232 1663 bens

101 1702 192 1769 lioiis.
227 1702 355 1787 grauius
388 1702 472 1767 enirn
501 1702 690 1785 peruenitur,
728 1703 756 1769 si
786 1700 944 1785 postulata
971 1703 1111 1785 inpetret
1139 1718 1232 1784 quern

99 1804 220 1889 puduit
242 1805 393 1871 hwtonus
416 1804 599 1888 suppliosre.
629 1803 815 1869 asmundus
836 1802 948 1869 deinde
965 1820 1080 1885 anosps
1094 1802 1232 1867 bellandi

103 1912 251 1972 euentus:
274 1906 308 1971 in
331 1924 393 1988 quo
413 1911 519 1973 tamen
541 1908 569 1972 si
585 1907 631 1971 ita
651 1907 886 1989 praeualnsrint
907 1911 1033 1990 poetata
1055 1908 1233 1985 donamina,

56 2011 212 2076 ‘ssuffltro
243 2026 338 2093 ragno
373 2009 589 2075 defrudabitur
617 2009 699 2092 qnod
728 2014 833 2093 partes
859 2014 1011 2092 numque
1030 2008 1231 2092 perdiderint

98 2130 179 2178 nam
202 2128 414 2196 quaecumque
435 2115 517 2193 apud
540 2112 742 2197 Riosmersm,
765 2112 794 2177 si
815 2112 936 2179 amians
957 2114 1014 2191 sat
1037 2113 1128 2177 salua
1147 2113 1232 2190 sunt,

101 2233 176 2283 oum
198 2217 266 2299 ipso
287 2233 308 2281 a
327 2214 418 2281 nobis
447 2214 578 2298 patritio
603 2215 809 2298 possidentur.
843 2216 979 2299 aogitsts
1001 2215 1134 2298 pariter,
1161 2216 1235 2296 quis

102 2321 185 2385 bens
207 2334 316 2385 osum
337 2334 412 2383 snae
433 2318 573 2384 ordinans
596 2319 706 2403 dirigit
724 2319 779 2401 qui
792 2336 900 2401 paoem
914 2322 1036 2402 primus
1049 2316 1230 2385 oboluit.

149 2436 309 2503 Hactenus
342 2436 544 2502 admirandus
579 2436 716 2519 pontifex
749 2439 931 2520 prossoutns
964 2440 1110 2521 loquendi
1137 2438 1233 2505 finano

55 2539 191 2609 'wfeeit
226 2542 304 2605 tuna
326 2542 467 2624 princeps
491 2540 613 2622 erigens
636 2542 741 2605 oonlos
764 2540 921 2607 desertum
937 2560 971 2607 se
988 2542 1130 2609 omnium
1151 2542 1233 2608 uidit

103 2642 287 2726 aspectibus
309 2648 402 2727 atque
416 2645 449 2709 in
464 2662 536 2710 enm
552 2645 703 2709 inuitatos
717 2643 827 2709 uultus
842 2660 910 2709 esso
925 2650 1116 2723 sanatorum,
1139 2662 1233 2727 quem

102 2746 256 2811 admirari
278 2764 334 2812 noa
355 2748 423 2829 ipse
444 2746 615 2813 desinebat
637 2748 713 2813 tuno
742 2748 808 2813 alto
829 2748 957 2814 trahem
978 2748 1075 2813 uerba
1101 2747 1234 2829 suspirio

103 2850 151 2913 ita
181 2866 268 2914 usus
296 2853 361 2914 est:
395 2848 556 2932 “quamuis
584 2848 814 2933 inexplieabilia
836 2850 928 2930 mibi,
962 2854 1069 2917 saneta
1089 2850 1234 2928 substan

102 2952 254 3017 adderam
267 2951 462 3018 Rioemerom
475 2970 570 3019 eausa
583 2953 698 3020 doloris
715 2954 759 3018 sit
776 2958 809 3019 et
825 2953 906 3019 nibil
920 2953 1074 3039 profuerit
1088 2952 1234 3019 maximis

64 3072 178 3121 seeum
201 3073 221 3120 s
243 3054 331 3120 nobis
346 3054 497 3120 donatum
509 3054 604 3121 ruisse
629 3053 797 3137 benefieiis,
821 3076 914 3139 quern
933 3059 1030 3123 etiarn
1057 3057 1150 3141 (qnod
1171 3074 1234 3123 non

101 3162 171 3226 eina
199 3160 315 3242 pudore
343 3161 374 3223 et
403 3159 491 3243 regni
521 3164 553 3225 et
587 3162 751 3245 sanguinis
782 3162 880 3227 nostri
914 3160 1080 3228 dicendum
1108 3162 1169 3243 est)
1201 3162 1235 3227 in

102 3260 245 3329 familiae
261 3266 394 3329 stamma
409 3262 635 3343 aepulanimna
650 3264 724 3329 dnm
737 3264 927 3330 indulsimus
938 3266 1037 3332 amori
1047 3264 1235 3350 reipubliose

100 3367 185 3448 quod
200 3365 361 3431 uideretur
376 3364 415 3429 ad
431 3370 609 3431 nostrorum
626 3366 733 3433 odium
749 3366 926 3449 pertinere:
941 3367 1011 3451 quis
1026 3367 1084 3433 hoe
1100 3384 1234 3449 namque

154 3617 343 3674 bdoddoerunt
360 3616 388 3674 Β
490 3616 670 3689 bpatrioiurn
690 3621 735 3675 B·
822 3622 983 3691 punitatem
1002 3620 1030 3676 D
1126 3623 1235 3677 oratum

91 3704 231 3763 Scibam
247 3710 274 3759 st
292 3704 380 3773 Boot..
407 3706 568 3761 antanasi
598 3760 603 3771 ,
671 3706 754 3761 Μου
770 3708 862 3762 ninas
881 3708 922 3772 B,
949 3707 1073 3763 domium
1091 3706 1168 3763 Ba&

90 3792 118 3847 ’8
136 3790 245 3863 proprie
262 3790 290 3845 L
365 3792 583 3849 .9snenalibus
601 3791 629 3847 L
726 3792 751 3849 si
766 3808 820 3849 osa.
838 3793 866 3849 B
963 3792 1109 3875 unguipas
1126 3794 1165 3853 13¹

101 3878 137 3931 10
163 3880 254 3945 posset
280 3875 308 3931 B
370 3865 376 3875 ⁸
411 3876 541 3933 domitare
568 3877 596 3933 Β
699 3880 732 3933 11
759 3879 849 3949 getas]
871 3882 951 3949 ganta
982 3880 1008 3935 Τ
1052 3868 1056 3876 ’
1109 3867 1236 3937 honerare

103 3962 131 4018 T
245 3961 277 4017 13
302 3965 416 4017 eatenus
442 3964 472 4017 B
562 3964 621 4021 ¹15
646 3967 761 4033 utraque
788 3964 816 4020 Ι,
927 3963 1099 4033 pudsdsrint
1126 3965 1167 4021 B¹
1205 3981 1209 3988 ⁴

101 4048 309 4105 ussaiw
412 4049 601 4108 abludit-
660 4108 662 4115 ,
701 4049 734 4107 21
759 4050 1232 4119 atqasi.sinnitstesi't'nras.

101 4148 173 4189 corr.
273 4134 477 4205 stuperbit
574 4134 1033 4205 witonusmapfm
1127 4142 1235 4198 untho

103 4218 215 4275 antistis
225 4206 260 4274 ’Β
362 4218 398 4295 25
415 4218 551 4275 benefieiis
569 4220 699 4276 subael*
797 4218 831 4275 28
848 4236 973 4276 rarorum
992 4227 1033 4289 (ro
1051 4239 1085 4277 ea
1102 4240 1132 4279 oo
1150 4227 1234 4291 sorr.)

102 4306 130 4361 L
233 4304 379 4372 pertinerst
396 4303 493 4362 ΒΝ*
552 4326 555 4333 ¹
598 4304 686 4377 saquis
704 4308 770 4375 sort.
1170 4327 1174 4335 ·
