2992 4967
298 322 360 388 388
655 317 769 387 Magni
785 316 913 371 Felicis
933 268 1064 371 linnedi

292 508 411 575 mitam
431 510 569 575 naturae
596 508 697 591 legem
719 506 858 575 Antonio
880 506 1095 589 congrediente
1117 505 1338 588 perdiderunt:
1372 526 1423 571 re·

298 613 402 678 serata
423 610 537 677 itinera
558 612 630 693 post
644 612 820 693 inpressum
833 608 903 678 eius
918 609 1045 691 patuere
1066 609 1275 692 capientibus.
1296 609 1423 674 inuenit

298 713 366 779 illie
396 715 605 779 tumen-duos
632 730 735 792 senes,
764 729 842 794 quos
870 712 937 777 iam
962 712 1009 778 ita
1030 711 1112 778 inter
1133 711 1235 777 lustra
1256 713 1423 779 beluarum

298 816 449 883 habitatio
471 816 564 899 longa
587 814 765 893 miscuerat,
789 816 827 880 ut
847 814 928 883 nibil
949 814 988 879 de
1005 815 1070 887 illis
1092 815 1209 881 mundo
1232 815 1320 881 tama
1340 834 1424 881 uuu-

298 920 407 997 tiarot,
442 936 571 1001 quorum
604 918 704 983 uitam
733 917 998 1000 sanctitatemque
1026 917 1116 998 plene
1142 919 1250 985 uideor
1272 918 1453 998 elocutust

298 1042 368 1090 eum
391 1022 561 1105 expetitam
583 1038 638 1105 pro
650 1021 711 1086 'dei
730 1021 843 1087 timore
857 1020 1085 1087 habitationem
1097 1023 1166 1087 sine
1179 1020 1263 1088 nube
1277 1021 1420 1106 unigeni

298 1127 383 1193 breui
403 1129 474 1209 post
496 1125 606 1191 borum
628 1144 708 1191 uuus
729 1125 914 1208 adsumptus
936 1128 986 1191 est
1007 1127 1040 1189 et
1059 1125 1177 1191 terrem
1188 1126 1324 1197 aeremia
1338 1124 1423 1189 mole

297 1230 438 1317 deposita
463 1228 635 1295 aetheriam
662 1227 870 1298 ualitudinem
899 1225 974 1294 felix
1000 1227 1107 1296 anime
1129 1229 1318 1310 resumpsit:
1349 1247 1422 1293 nam

297 1332 499 1400 absolutionis
528 1333 594 1398 eius
621 1332 761 1413 tompore
788 1331 933 1397 oolnmna
960 1332 1054 1411 ignea
1075 1331 1159 1397 beati
1182 1332 1302 1397 Antoni
1324 1332 1422 1397 oeulis

297 1437 419 1519 ingesta
442 1438 491 1501 est
512 1436 551 1502 ad
574 1436 693 1501 eaelum
715 1449 814 1516 nsque
837 1434 1027 1518 pertingens,
1050 1434 1154 1512 oredo,
1176 1437 1213 1501 ut
1230 1434 1453 1499 uenerabilior

297 1541 358 1606 uiri
372 1540 450 1607 fidos
464 1540 496 1604 et
511 1538 601 1605 ardor
616 1537 670 1604 ille
687 1538 837 1602 uitiorum
851 1536 993 1601 deooetor
1008 1535 1112 1622 typico
1128 1539 1359 1604 monstraretur
1372 1539 1421 1601 in-

297 1642 414 1722 oendio,
429 1645 505 1709 tuno
519 1644 593 1707 dum
609 1641 654 1706 ibi
666 1640 717 1706 dei
729 1641 830 1707 cultor
841 1643 909 1705 tote
920 1640 1090 1723 diseiplims
1101 1640 1293 1706 caelestibus
1303 1640 1419 1705 uirium

297 1765 423 1813 suarum
452 1746 523 1811 uela
544 1746 668 1829 ¹laxaret
695 1747 727 1808 et
756 1762 810 1825 per
835 1741 923 1808 sinus
952 1744 1073 1807 animae
1095 1744 1294 1827 corporisque
1315 1746 1420 1809 artru-

297 1851 403 1919 dentia
424 1850 530 1930 paleas
551 1846 649 1935 dabra
674 1848 851 1929 susciperet.
875 1845 963 1911 ouius
990 1844 1115 1929 uigilias
1137 1846 1254 1937 ieiunia
1275 1846 1420 1913 leotionie

297 1952 517 2019 adsiduitatem
540 1949 606 2015 iure
621 1948 813 2033 replicarem,
836 1950 896 2015 nisi
914 1950 1059 2014 haberem
1075 1948 1218 2034 digniora
1232 1955 1448 2016 memoratur

297 2072 466 2137 numquam
490 2053 546 2119 ille
568 2053 672 2118 eibum
695 2054 829 2135 sumpsit
851 2053 909 2118 nisi
931 2052 1095 2119 fatiscente
1111 2055 1304 2144 eorpusoule,
1327 2073 1420 2119 num·

297 2176 389 2241 quam
411 2158 472 2223 uisi
487 2156 637 2239 exemptis
653 2154 750 2221 offioii
770 2154 887 2221 muniis
910 2155 1150 2221 sollicitudinem
1173 2154 1278 2238 quiete
1294 2158 1418 2223 laxauit

296 2264 350 2329 sed
372 2262 446 2344 quid
468 2264 607 2327 retexam
628 2276 705 2341 quae
731 2258 932 2343 perfeetionis
953 2258 1097 2325 babuerit
1118 2260 1328 2326 instrumenta
1350 2279 1419 2344 per-

296 2363 396 2432 fectus
419 2366 473 2429 aut
495 2382 549 2447 per
571 2381 645 2445 quos
667 2362 781 2445 gnadm
797 2363 837 2427 ad
851 2362 935 2428 oelsa
957 2364 1164 2428 eonseenderit
1187 2381 1279 2446 quem
1301 2363 1418 2447 liquido

297 2468 488 2533 declaratum
516 2468 562 2532 est
591 2465 730 2551 optinere
758 2463 929 2531 sublimia?
958 2466 1053 2529 soiuit
1074 2463 1130 2530 ille
1151 2465 1199 2531 sio
1220 2485 1275 2548 per
1297 2466 1448 2532 labores»

296 2569 399 2635 uarios
432 2569 668 2652 disciplinarum
701 2569 888 2642 liniamenta
920 2568 1051 2647 aeetari,
1088 2571 1124 2632 ut
1157 2587 1332 2652 numquam
1365 2572 1419 2635 ad-

296 2675 432 2739 sumeret
458 2673 673 2759 adrogantiam
703 2672 741 2737 de
769 2673 890 2753 labore,
923 2672 956 2737 et
978 2690 1049 2736 oum
1072 2673 1177 2738 omnia
1198 2676 1302 2737 essent
1324 2672 1419 2755 digna

295 2774 466 2859 praeconiis
494 2796 572 2861 qnae
600 2778 746 2859 gerebat,
781 2777 977 2858 dispendium
1005 2775 1134 2840 ubtutis
1161 2775 1293 2842 eredidit
1321 2777 1418 2842 fuisse

295 2880 468 2945 laudatum.
506 2884 549 2945 sie
578 2880 680 2945 totum
706 2880 744 2945 de
768 2880 834 2945 eius
857 2880 978 2945 uatibus
1000 2878 1151 2962 opinionis
1171 2878 1243 2943 luee
1264 2879 1418 2960 radiabat,

294 2983 331 3047 ut
351 2981 431 3047 nibil
452 2981 652 3065 praeberetur
673 2982 828 3048 ostentui:
841 3062 846 3071 ρ
861 2984 1076 3066 praeminebat
1096 3000 1225 3048 censura
1246 2982 1362 3047 mentis
1385 2982 1446 3046 iu¹⁵

296 3102 419 3167 eorpora
442 3086 473 3149 at
494 3084 696 3164 iracundiam,
720 3103 814 3167 quam
837 3088 946 3150 eontra
968 3085 1075 3169 eulpae
1096 3086 1202 3149 anima
1223 3084 1291 3149 eius
1313 3102 1417 3151 snsee·

295 3191 391 3270 perat,
413 3186 506 3253 lanias
529 3187 667 3252 infucata
688 3186 848 3272 pingebat.
879 3186 1002 3252 uideres
1024 3188 1172 3253 aduersus
1187 3186 1310 3271 flagitia
1325 3206 1416 3252 mun·

346 3392 363 3445 3
380 3394 433 3447 iam
452 3394 505 3481 iam
523 3393 550 3447 Β
645 3393 760 3447 instram
778 3395 818 3447 B¹
904 3394 921 3447 5
939 3393 1163 3462 sanutitatemque
1179 3393 1286 3461 scripsi,
1312 3393 1417 3481 seienti-

295 3511 388 3565 amque
407 3496 471 3550 labri
567 3496 732 3551 Setheream
751 3497 806 3551 PT
902 3480 994 3567 tltep‘r
1010 3479 1082 3550 LV.
1168 3495 1308 3564 ealumpna
1327 3495 1353 3549 T

295 3618 398 3671 antonii
412 3616 477 3672 labri
572 3617 605 3671 10
616 3618 657 3671 ast
669 3617 805 3685 ingestab
897 3591 1071 3687 pertigensL
1156 3588 1350 3671 umerabiliL

295 3738 329 3793 12
351 3740 415 3792 tuno
433 3738 495 3792 dum
520 3738 606 3805 BTb,
633 3702 778 3803 tunng,
805 3740 870 3791 tune
889 3738 916 3793 L
1018 3738 1062 3790 dr·
1087 3738 1113 3792 T
1213 3737 1246 3791 13
1262 3736 1364 3789 laxaret
1380 3751 1415 3789 aa

294 3858 395 3913 narare
409 3860 511 3931 naar.
610 3860 643 3913 14
660 3824 746 3943 iarum
764 3858 792 3913 n
887 3860 1010 3939 acerem
1023 3859 1051 3914 n
1152 3860 1183 3914 15
1200 3858 1230 3913 ns
1248 3857 1349 3912 unae

295 3962 326 4016 17
345 3963 615 4033 erem-ptislparos.)
634 3964 661 4019 L
753 3963 868 4032 nequid
886 3963 1007 4032 eoquod
1025 3963 1052 4019 L
1068 3979 1138 4018 corr.
1224 3961 1415 4031 pemiieotionis

297 4048 331 4102 T'
417 4048 548 4116 perlaetus
567 4049 595 4104 L
687 4050 720 4105 21
736 4050 900 4106 laniamenta
921 4049 957 4103 V¹
1052 4049 1086 4103 22
1102 4054 1175 4105 σῶοι
1188 4051 1302 4117 (suos.)
1321 4048 1349 4103 L

293 4169 327 4225 ne
353 4169 535 4238 protonisso
634 4186 684 4241 qus
710 4171 736 4225 s
845 4170 989 4227 eeueesa
1015 4171 1081 4237 sors.
1192 4170 1228 4224 ae
1253 4142 1296 4225 ius
1321 4169 1349 4225 a

294 4256 327 4310 26
344 4255 489 4325 susciperet
506 4256 535 4312 Β
636 4257 669 4313 27
691 4258 804 4328 uideres]
823 4259 921 4313 neuris
937 4258 965 4312 Β
1066 4258 1185 4313 musteis
1201 4258 1229 4312 L
