2992 4967
272 362 339 430 470
631 360 745 429 liagni
763 359 892 416 Felicis
909 359 1039 415 llnnodi

273 552 384 618 mortis
406 550 536 631 abenas,
559 550 588 615 si
609 549 762 625 lionisest,
785 549 983 630 abstrahere,
1006 553 1043 615 ut
1060 549 1207 636 plurimis
1221 567 1279 635 per
1292 550 1410 634 guttae

273 655 343 721 lata
368 653 579 739 dispergeret,
606 653 644 718 ut
669 655 845 719 animarum
870 653 1043 734 penetralia
1063 655 1150 718 uirus
1172 652 1279 718 nobile
1303 653 1411 736 poeai-

274 759 372 824 deret
409 760 483 822 ante
509 756 756 840 experimentum
784 755 973 839 pernieiosua
995 754 1211 822 effundebetur
1232 757 1352 821 humor
1374 756 1411 820 in

272 860 436 945 poculum:
467 858 635 926 faciteam
656 859 732 942 quid
755 859 942 943 perdidisset
963 875 1147 944 agnosoers,
1176 862 1346 942 postquem
1370 863 1410 925 de

268 964 358 1028 aneis
394 963 623 1028 abundantibus
658 977 775 1046 peuoos
814 961 953 1027 extinxit
996 961 1125 1028 ubinam
1162 963 1306 1046 gentium
1346 961 1448 1027 luite

275 1065 398 1130 animus
430 1064 606 1149 ooniugalis
642 1065 850 1147 diligentiae?
886 1063 941 1129 ubi
977 1065 1132 1132 maritalis
1169 1069 1412 1131 estrumentum

275 1168 426 1251 oopuleet
454 1168 525 1251 plum
553 1168 620 1252 egit
645 1167 784 1253 priuigni
816 1185 910 1252 quam
938 1169 1000 1234 tori
1029 1169 1216 1235 recordatio:
1246 1169 1327 1233 dum
1357 1167 1413 1232 in·

276 1270 421 1338 manitati
452 1270 650 1354 obsequitur,
688 1270 845 1355 effugatus
877 1272 924 1336 eet
955 1271 1018 1337 uiri
1050 1273 1223 1354 praesentis
1257 1271 1413 1336 aflectus:

276 1373 406 1441 eredidit
428 1374 462 1441 in
484 1391 677 1456 quocumque
703 1373 831 1440 uiuente
859 1374 998 1459 priuigni
1026 1392 1184 1440 remanere
1215 1391 1306 1457 posse
1330 1373 1412 1440 snb-

276 1479 438 1543 stantiam.
473 1475 576 1542 luoem
598 1476 698 1543 uoluit
718 1476 851 1559 profana
873 1477 1061 1545 confundere
1082 1478 1115 1542 et
1130 1477 1259 1544 humani
1282 1476 1445 1562 generimo

276 1599 411 1646 messem
439 1581 555 1646 mundo
584 1581 709 1646 labente
736 1581 869 1658 subsidi,
899 1581 1045 1664 quioquid
1073 1581 1105 1645 in
1134 1597 1278 1646 oeossunr
1300 1579 1412 1664 potuit

276 1683 323 1749 ire
343 1685 565 1769 praeeipitans,
587 1687 725 1751 ueternis
743 1683 835 1751 ilrebi
858 1683 981 1768 legibus
1003 1684 1087 1749 diem
1110 1686 1255 1749 nostrum
1277 1685 1412 1768 cupiens

277 1788 427 1855 seelerata
458 1788 655 1862 submittere.
687 1807 726 1854 ne
755 1785 848 1854 illum
870 1788 921 1854 uel
952 1789 1023 1870 post
1055 1787 1178 1853 inferne
1208 1785 1336 1853 odiosus
1359 1787 1411 1852 in·

276 1891 417 1972 spiceret.
454 1891 580 1973 quentis
613 1890 761 1979 gradibus
796 1892 831 1957 et
861 1889 999 1974 profectu
1032 1891 1185 1957 eoelerum
1212 1891 1252 1958 ad
1288 1907 1412 1956 uenena

277 1991 465 2058 deseendit?
496 1994 552 2058 diu
574 1993 705 2059 exitium
726 1993 866 2072 distulit,
889 1993 971 2077 qnod
994 1993 1161 2077 eliquendo
1182 1995 1215 2058 in
1237 1993 1444 2059 tormentisne

279 2095 452 2162 eonstituto
485 2096 620 2182 ingessit
649 2098 722 2163 uioe
756 2097 905 2164 beneficii.
943 2101 1017 2163 ente
1048 2095 1155 2182 flegrie
1183 2097 1266 2162 farne
1291 2096 1411 2178 frigore

278 2198 443 2265 inimicum
481 2216 591 2284 eorpus
626 2199 762 2266 addixit:
799 2203 954 2284 postrema
987 2205 1033 2266 eet
1065 2201 1098 2265 in
1115 2199 1289 2265 'nouenosli
1327 2199 1413 2264 indi·

276 2301 424 2386 gnetione
439 2301 523 2368 noeis
537 2303 705 2368 exeeoutio.
725 2303 841 2368 uellem
855 2302 890 2367 in
905 2303 1111 2381 eoousetione,
1134 2301 1262 2380 iudioes,
1287 2301 1411 2368 diutius

277 2403 442 2486 inmorari,
474 2406 536 2471 nisi
569 2405 760 2472 facinerosae
787 2423 920 2490 poenem
946 2404 1095 2489 prolixior
1124 2403 1232 2492 lingua
1258 2405 1410 2471 differret

278 2506 422 2574 nolumus
464 2527 541 2593 quaa
583 2509 741 2592 peroranti
781 2507 949 2575 coneeditis
987 2509 1023 2574 ut
1058 2507 1229 2574 eddiosnde
1264 2509 1299 2573 in
1337 2509 1443 2573 luoee

278 2612 438 2676 mereatur
450 2611 602 2679 indutae.
633 2613 787 2698 quotiens,
810 2611 1030 2678 eoelestissima
1044 2611 1243 2690 feminarum,
1266 2611 1411 2678 subdolis

277 2713 458 2797 priuignum
479 2713 587 2781 souisti
605 2715 774 2802 (matrem)
796 2715 929 2782 mentite
950 2715 1173 2797 oonplsxibns?
1195 2713 1340 2798 quotiens
1362 2715 1410 2779 in·

279 2817 378 2884 noxiis
400 2817 578 2902 potionibus
601 2820 705 2901 egisti,
727 2823 765 2883 nt
787 2821 824 2884 de
845 2835 940 2883 menn
962 2821 1017 2885 tue
1034 2821 1169 2884 mortem
1183 2836 1309 2884 seouxus
1324 2817 1410 2882 eooi-

277 2919 387 3003 peret?
402 2917 570 3007 espta<oti)
584 2921 654 2986 sitis
669 2921 793 3004 tempus
805 2925 838 2987 et
852 2919 978 2986 bibendi
989 2921 1222 2988 neeemitatem:
1234 2919 1302 3007 (te)
1314 2919 1408 2996 forte,

278 3025 315 3086 ut
343 3021 437 3088 eitius
471 3022 572 3089 letum
604 3024 794 3108 porrigeres,
829 3025 993 3090 exorabat:
1027 3023 1164 3091 habuisti
1196 3023 1441 3090 misericordiae

279 3124 456 3208 opinionem
489 3125 629 3210 priuigni
661 3124 824 3192 desideriis
852 3125 1058 3210 obsequendo.
1097 3125 1240 3209 quotiens
1267 3128 1409 3192 metrum

278 3225 348 3291 looa
374 3227 522 3309 tenuisti,
551 3230 588 3296 nt
609 3243 776 3295 noueroenn
799 3231 898 3296 tutius
921 3227 1104 3295 exhiberes?
1131 3229 1227 3306 solet,
1249 3228 1409 3295 libertatis

329 3445 492 3505 eroon·¹
584 3447 779 3518 meets
870 3433 1342 3517 somnolentiam-ee

279 3532 438 3601 punition
453 3532 484 3588 Β
568 3533 666 3589 deum
681 3534 711 3590 L
795 3535 911 3591 dsuoois
924 3533 993 3592 ΡΨ
1074 3534 1344 3594 habundantibuei'

279 3617 296 3672 7
319 3618 394 3674 thori
415 3618 549 3676 BLPVt
662 3620 694 3676 12
715 3620 807 3693 herebi
829 3621 988 3688 metr,
1016 3621 1106 3680 hebrei
1131 3623 1167 3678 Τ*
1276 3623 1311 3679 18
1332 3623 1410 3680 illm

279 3703 326 3760 Pb
428 3705 535 3762 intem
553 3699 594 3772 (ιιι
611 3707 644 3762 ire
660 3709 728 3777 ror.)
751 3706 777 3762 V
879 3707 987 3764 odimus
1009 3707 1046 3763 V¹
1149 3709 1183 3765 14
1199 3707 1233 3764 ed
1250 3709 1291 3780 u]
1308 3708 1410 3766 aduena

278 3791 308 3848 Ia
410 3793 443 3850 15
468 3791 602 3848 disoendit
627 3793 657 3848 Β
760 3795 794 3850 18
819 3793 1112 3850 neeis-aoousationb
1137 3795 1194 3852 at
1222 3795 1286 3852 odd
1314 3796 1342 3852 Β
1381 3783 1384 3790 ’

279 3877 374 3933 uellim
395 3875 424 3934 Β
534 3872 755 3934 ls'feeinor'oeee
777 3879 806 3946 b,
833 3877 978 3936 ieoinarors
1000 3879 1064 3950 BV,
1091 3881 1239 3938 facinorose
1261 3881 1345 3938 1:1²1*

280 3995 316 4050 so
340 3962 489 4082 ωηιξιιιιι
514 4000 542 4055 s
645 3996 680 4057 se
706 4003 820 4056 manem
847 4001 908 4066 Pe,
940 4017 990 4057 ee
1016 3998 1130 4058 nunu
1231 4001 1408 4072 sumptoribus

279 4079 470 4176 (gomplexibus
492 4109 527 4181 V)
544 4111 660 4166 mentite
676 4089 759 4168 ’ΒΝ
842 4112 979 4166 innoxiirls
998 4113 1026 4167 Β
1114 4113 1149 4168 24
1167 4114 1283 4184 captasti
1300 4115 1404 4184 scripsi,

279 4195 389 4262 reptata
404 4193 472 4250 lebet
567 4195 712 4265 mnddidi
730 4213 779 4252 ore
793 4197 859 4253 labri
955 4198 1103 4254 sanemur
1116 4198 1153 4266 Β,
1170 4197 1274 4253 loetum
1286 4197 1344 4255 LV

280 4277 427 4349 porrigexie
443 4281 472 4336 Β
574 4281 609 4336 t'l
624 4283 711 4337 totins
729 4283 757 4338 Β
859 4281 991 4339 exbiberie
1008 4283 1036 4338 Β
