2992 4967
288 358 349 423 144
645 353 759 423 Magni
777 352 904 407 Felicis
922 350 1053 407 Enuodi

285 546 427 611 umbram
449 543 587 629 cogeret:
618 560 674 627 ego
706 543 810 627 potius
840 543 963 608 culmen
995 545 1136 607 nestrum
1158 540 1197 606 de
1221 541 1412 607 tabellarum

285 648 475 720 abstinentia
503 648 569 712 iure
599 646 773 728 culparem,
801 646 865 728 qui,
893 649 1062 728 postquam
1084 644 1124 709 ad
1145 644 1254 709 urbem
1278 646 1410 711 Romam

283 750 413 836 profecti
430 752 516 829 estis,
538 750 626 815 nulla
641 768 690 814 me
705 747 927 815 reeordationis
942 748 1034 834 fruge
1048 747 1237 814 subleuauit.
1259 748 1315 813 sed
1328 748 1408 830 uide,

282 874 338 939 per
359 873 462 921 rerum
483 852 713 938 prouidentiam
736 870 832 935 quam
853 854 947 917 cauta
970 852 1020 917 est
1041 851 1198 917 seniorum
1218 850 1408 933 dispensatio

282 962 315 1023 et
337 956 499 1023 fabricatis
514 957 608 1039 plena
622 954 833 1021 sermonibus:
856 955 1060 1037 praeuenitur
1074 954 1209 1038 querelis
1229 953 1410 1018 innocentia
1431 974 1444 1015 r

282 1064 322 1139 et,
345 1080 383 1125 ne
401 1060 538 1126 dolorem
560 1077 652 1125 snum
674 1060 707 1123 in
730 1057 833 1123 lucem
853 1058 1018 1140 producat,
1041 1058 1202 1139 arguiturr
1223 1055 1261 1120 lit
1282 1074 1346 1134 rea,
1370 1074 1410 1120 ne

282 1164 385 1229 faciat.
428 1180 499 1245 ergo
527 1162 602 1228 haec
630 1161 708 1227 mihi
736 1160 916 1243 digrediens
939 1160 1091 1243 promissa
1112 1158 1315 1225 contuleras?
1352 1159 1410 1224 bac

281 1266 496 1332 deosculatum
524 1264 639 1331 fidncia
668 1264 858 1341 sublenasti,
889 1268 927 1328 ut
949 1264 1103 1330 crederem
1130 1264 1193 1328 mei
1221 1264 1410 1328 inmemores

281 1390 335 1436 uos
365 1369 509 1435 futuros?
545 1388 586 1433 an
614 1369 654 1434 ad
682 1367 770 1435 alind
798 1368 979 1433 adtributae
1005 1370 1080 1433 sunt
1103 1367 1252 1451 paginae,
1287 1367 1351 1431 nisi
1374 1368 1410 1431 ut

280 1478 398 1539 secreta
419 1476 579 1556 pectorum
602 1470 663 1536 oris
687 1472 775 1537 clane
798 1471 1025 1537 manifestent?
1046 1470 1099 1535 sed
1121 1470 1260 1535 abstineo
1282 1472 1444 1553 prolixi-ro

280 1578 346 1643 tete
360 1577 510 1661 paginali,
535 1594 573 1641 ne
590 1576 787 1658 grandiorem
802 1574 932 1660 generet
946 1573 1160 1640 confabulatio
1174 1574 1325 1658 producta
1340 1592 1409 1638 ran·

280 1696 390 1744 cerem.
413 1680 453 1745 ad
476 1678 675 1743 salutationis
700 1677 848 1760 obsequin
870 1696 921 1742 me
941 1676 1054 1743 reduco
1075 1694 1197 1760 rogans,
1220 1677 1257 1740 ut
1278 1694 1336 1759 pro
1357 1696 1408 1744 me

279 1781 360 1864 apud
384 1780 539 1864 apostolos
561 1781 611 1845 dei
633 1798 740 1863 preces
764 1780 920 1864 effundas,
949 1780 1114 1845 uteorum
1136 1778 1299 1844 benefieiis
1322 1797 1409 1845 mor·

278 1884 352 1949 talis
376 1883 538 1967 angustIae
566 1885 730 1965 superetur
753 1882 930 1947 obscenitas
952 1885 986 1947 et
1015 1884 1054 1947 de
1082 1900 1159 1964 puro
1187 1883 1409 1947 mandatorum

279 1989 464 2055 caelestium
486 1988 614 2054 tramite
637 2005 723 2052 mens
757 2006 865 2053 serena
887 1987 1071 2071 gratuletur.
1418 2012 1442 2052 c

774 2175 910 2242 XXIIII.

654 2308 810 2366 LACONIO
836 2309 1028 2365 nubemus

321 2436 406 2501 Bene
434 2433 546 2516 cupitis
568 2452 699 2515 superna
721 2433 912 2515 dispensatio
941 2433 1028 2499 dedit
1059 2432 1205 2497 effectum
1235 2433 1328 2498 etde
1353 2452 1409 2497 ne·

172 2566 178 2579 ·
279 2538 392 2623 gotiosi
414 2537 574 2603 occasione
590 2534 745 2619 conloquii
762 2537 932 2602 fraternam
948 2535 1091 2600 refoueus
1109 2535 1308 2623 diligentiam
1324 2534 1408 2618 quod

278 2640 445 2724 putabatur
466 2641 675 2706 necessarium
694 2640 768 2705 lecit
790 2639 938 2723 optabile.
963 2640 1035 2703 hinc
1058 2639 1200 2704 caelestis
1223 2657 1298 2702 cura
1320 2638 1440 2721 neptia

276 2764 363 2810 meae
391 2761 520 2826 procum
552 2762 612 2807 non
641 2744 765 2807 omnino
792 2759 811 2806 a
840 2741 989 2825 sanguine
1018 2743 1125 2806 nostro
1152 2741 1408 2824 peregrinantem

276 2847 369 2913 iussit
384 2850 537 2925 accedere,
560 2848 605 2923 ut,
630 2845 704 2909 dum
719 2845 903 2911 consulendi
919 2845 1018 2910 instat
1042 2844 1266 2928 opportunitas,
1297 2848 1406 2909 sancto

276 2952 372 3015 amori
399 2949 515 3033 pabula
542 2950 787 3031 praestarentur.
825 2949 878 3012 uir
908 2948 1101 3013 sustinebam
1122 2948 1221 3012 fateor
1247 2949 1407 3029 procurati

276 3054 380 3119 studia
398 3052 491 3136 longa
505 3052 632 3131 silentii,
656 3052 710 3116 sed
726 3053 878 3133 interpres
893 3050 1002 3117 mitior
1017 3051 1167 3133 putabam
1183 3049 1406 3132 adplicandnm

275 3153 381 3221 timori
404 3158 485 3236 quod
507 3154 734 3219 subducebatur
756 3154 895 3219 aflectui.
933 3156 990 3219 deo
1014 3153 1150 3237 gratias,
1172 3153 1226 3234 qui
1248 3154 1288 3217 ad
1312 3170 1439 3217 nsnms

275 3258 341 3325 stili
363 3257 594 3324 fraternitatem
615 3258 753 3324 uestram
775 3258 899 3323 reduxit
925 3259 957 3322 et
982 3259 1114 3341 gratiae.
1152 3256 1268 3321 diuinis
1298 3258 1405 3321 tamen

273 3360 394 3446 legibus
410 3360 624 3444 cognationem
640 3361 781 3427 indiculo
797 3359 1039 3443 conprehensam
1053 3363 1084 3425 iu
1096 3360 1296 3425 matrimonio
1308 3359 1405 3424 licere

274 3464 383 3529 sociari
399 3463 466 3529 siue
481 3463 675 3530 dubitatione
691 3464 852 3529 ueneritis.
869 3463 923 3529 sed
940 3464 1085 3529 continuo
1098 3464 1137 3529 ad
1149 3466 1258 3529 urbem
1270 3462 1405 3527 Romam

325 3688 339 3740 l
362 3685 525 3740 debellatum
552 3686 578 3739 Τ
687 3686 704 3739 3
731 3685 878 3739 sublenasti
902 3684 932 3749 b,
962 3684 1125 3739 subleuantis
1148 3686 1175 3739 P
1199 3691 1226 3740 et
1250 3685 1335 3741 Sim.

272 3772 288 3827 5
307 3772 459 3841 prouenitur
478 3771 505 3826 B
591 3770 723 3839 quaerelis
737 3771 765 3825 B
862 3770 1061 3824 sucloremls
1160 3772 1229 3840 dut]
1242 3788 1275 3827 ne
1288 3773 1335 3828 Pb

272 3859 440 3943 immemores
461 3858 486 3912 Τ
569 3857 586 3910 9
604 3856 711 3911 futuros
723 3858 804 3911 anad
826 3858 896 3912 Tin
909 3858 1044 3912 ros.m.2
1130 3858 1164 3911 ad
1182 3873 1233 3912 om.
1253 3858 1338 3913 BLV

273 3962 305 4037 13
324 3960 473 4030 praecesB

322 4062 439 4119 XXIIII.
475 4064 509 4119 19
535 4066 670 4121 occasione
696 4067 735 4121 L*
836 4066 870 4120 22
893 4065 1009 4121 munere
1026 4066 1055 4119 B
1158 4066 1329 4133 oportunitas
1346 4066 1404 4123 BL

273 4148 370 4204 PTVb
465 4148 499 4203 25
517 4150 708 4208 subduceretur
726 4153 754 4207 P
846 4154 881 4209 26
898 4156 1018 4209 uernam
1035 4152 1101 4209 add.
1114 4154 1146 4207 to
1158 4169 1209 4223 erg.
1231 4154 1334 4209 ΤΗ

271 4269 304 4322 27
322 4234 425 4325 indic?
446 4268 473 4323 V
570 4272 729 4341 rophensem
748 4273 777 4328 L
