2992 4967
270 352 334 419 492
626 349 743 417 Magni
759 348 888 403 Felicis
906 348 1037 402 Enncdi

271 541 411 608 munitus
438 542 482 607 sis
511 543 543 606 ct
570 541 651 623 qued
679 540 713 606 in
741 557 792 606 me
820 538 979 623 deliquisti
1013 558 1075 605 non
1108 539 1203 606 licent
1235 538 1412 604 uindicari.

270 646 325 710 scd
347 663 409 711 non
423 643 521 710 habet
539 643 735 710 innocentiae
748 643 999 726 praerogatiuam
1014 644 1069 725 qui
1083 641 1297 710 defensionem
1313 661 1413 708 suam

269 751 352 814 locat
366 748 400 813 in
414 749 509 830 apice.
530 747 636 813 insons
651 747 782 813 actionis
797 746 867 814 luce
882 745 998 812 niteat:
1020 748 1101 814 citra
1115 745 1413 812 dissimulationem

270 849 402 915 crimina
435 849 602 916 confitetur
630 851 685 934 qni
711 851 745 915 in
773 849 832 916 hoc
859 849 995 916 tutelam
1023 867 1114 916 suam
1147 848 1297 914 aestimat
1321 849 1413 930 quod

269 954 443 1037 praecedit:
465 971 533 1019 reos
555 953 644 1020 nulla
665 952 805 1020 defendit
826 954 1011 1020 auctoritas
1034 951 1068 1017 in
1089 952 1273 1021 facinerosis
1296 969 1413 1018 sacra-
1435 979 1447 1020 s

268 1059 374 1123 menta
395 1057 530 1122 nominis
552 1057 750 1124 euanescunt

744 1239 926 1298 EPILOGVS.

311 1385 353 1450 itt
375 1385 443 1464 hoc,
473 1383 664 1449 sanctissimi
686 1383 872 1467 cognitores,
900 1381 945 1448 ita
967 1384 1038 1464 post
1059 1381 1217 1446 custodies
1240 1382 1410 1448 latronum

268 1489 331 1554 alic
351 1487 457 1553 labore
478 1488 612 1570 pectoris
633 1484 786 1570 allegem,
809 1485 913 1568 qnasi,
942 1487 1001 1550 etsi
1022 1502 1123 1550 essem
1144 1481 1242 1569 (nou)
1265 1483 1408 1562 debitor,

268 1591 407 1658 ualerem
422 1590 566 1656 exhihere
581 1589 662 1672 qnod
673 1589 821 1671 poscitur.
837 1605 898 1654 nen
911 1587 1084 1654 considerat
1099 1587 1233 1672 spoliata
1250 1587 1408 1656 carnibus
1417 1620 1441 1658 ιο

267 1712 348 1770 ossa,
365 1695 561 1761 dominorum
575 1692 808 1760 inhumanitate
822 1693 988 1768 sordentia,
1004 1695 1037 1757 et
1052 1691 1210 1774 patefacta
1224 1711 1280 1776 per
1295 1693 1406 1760 carni-

267 1796 339 1864 fices
368 1801 498 1864 naturae
527 1802 649 1863 secreta
675 1815 737 1862 non
767 1794 905 1879 respicit.
943 1798 976 1860 in
999 1811 1125 1877 corpere
1147 1811 1215 1860 meo
1236 1796 1272 1860 in
1295 1796 1405 1864 lucem

267 1901 412 1983 quioquid
434 1901 526 1966 horno
550 1902 598 1964 ast
616 1902 777 1965 tormenta
790 1898 991 1981 protulerunt
1006 1899 1039 1962 et
1052 1897 1228 1979 penetralia
1240 1897 1405 1965 niscmnm

266 2003 405 2068 instante
443 2003 585 2069 crucibus
630 2000 783 2080 barbaro,
828 2019 900 2067 cum
935 2004 1024 2085 pater
1059 2001 1139 2066 mihi
1176 2001 1405 2086 dedignaretur

265 2105 387 2185 adesse,
417 2106 551 2190 uulgata
579 2109 663 2171 sunt.
698 2104 824 2170 modum
848 2107 964 2170 transit
985 2105 1151 2184 atrocitas,
1182 2123 1262 2188 quae
1291 2105 1345 2171 uel
1366 2106 1435 2174 inu

265 2207 380 2276 debitis
410 2207 567 2292 sugendis
596 2226 659 2275 non
687 2209 828 2292 principe
850 2209 918 2274 loco
941 2209 1025 2273 unes
1048 2209 1230 2292 interrogat.
1265 2209 1303 2274 tn
1326 2229 1400 2276 cum

266 2313 372 2378 uideas
399 2313 512 2378 aetatis
533 2312 567 2377 in
589 2329 640 2377 mc
661 2309 870 2378 ualitudinem
897 2311 1094 2377 miseriarum
1124 2311 1206 2378 fusce
1227 2312 1399 2392 mollitam,

266 2433 337 2481 cum
360 2417 430 2480 aeui
451 2414 548 2482 robur
561 2415 791 2500 multiplicium
805 2414 1027 2481 calamitatum
1043 2413 1197 2482 mmetate
1212 2417 1399 2492 contritum,

266 2535 336 2583 cum
359 2523 392 2583 et
412 2519 615 2586 necessitates
641 2523 786 2585 senectae
813 2517 948 2585 habeam
970 2523 1002 2585 et
1023 2519 1178 2586 inuidiam
1208 2519 1396 2598 iuuentutis,

264 2639 327 2687 non
348 2641 367 2688 a
389 2641 440 2688 me
461 2623 587 2688 desistis
608 2641 736 2705 poscere
759 2624 841 2707 qnod
863 2627 895 2688 et
912 2623 1013 2688 hostis
1035 2623 1209 2690 remmissct
1231 2623 1429 2690 exhausto.»

263 2727 300 2789 tu
323 2726 454 2808 accipies
476 2724 680 2791 tributarium
702 2725 908 2804 functionem,
932 2729 965 2790 et
979 2726 1083 2792 adhuc
1103 2744 1154 2790 me
1176 2728 1396 2809 magnitudine

264 2827 400 2894 nominis
421 2832 455 2893 et
476 2829 567 2912 genio
594 2831 734 2911 parentis
764 2829 907 2909 incessis,
934 2847 1005 2894 cum
1027 2829 1275 2912 miserationem,
1300 2848 1395 2912 quam

264 2929 357 2996 dehes
379 2932 561 3014 cuicumque
588 2931 718 3009 homini,
750 2931 903 3016 despicias
931 2933 1076 2999 exhibere
1099 2933 1151 2998 uel
1172 2933 1305 3017 pignori.
1340 2953 1393 3000 sn·

263 3051 360 3116 perna
389 3034 578 3117 dispensatio
608 3036 668 3101 hac
697 3036 902 3101 intentionem
931 3040 1019 3102 tuam
1045 3037 1188 3102 mercede
1210 3036 1391 3121 locupletet,

264 3137 302 3200 ut
322 3153 431 3201 mraus
453 3137 551 3220 prolis
572 3139 647 3204 tuac
667 3137 779 3204 funcra
806 3140 914 3206 uotiua
942 3140 1089 3221 respicias
1117 3142 1150 3205 et
1171 3141 1226 3222 qni
1253 3143 1425 3223 grauarisa

263 3240 301 3304 dc
334 3239 437 3305 uiuaci
469 3243 645 3323 praesentia
686 3242 910 3309 desideriorum
943 3259 1099 3310 summam
1133 3243 1239 3328 capias
1274 3245 1313 3310 da
1343 3261 1390 3308 se·

263 3342 387 3424 pulcris.

313 3599 543 3669 aprorogutiuam
557 3601 585 3656 Β
685 3602 912 3660 deffensioncmT
1007 3577 1388 3690 dtutelsm]dtu1:um(ua.t

261 3721 375 3791 mmm.)
392 3720 420 3776 Β
510 3695 585 3809 suam
596 3725 624 3790 (n
635 3737 656 3777 a.
669 3723 686 3778 1.
700 3739 735 3780 aa.
746 3729 812 3792 rec.)
830 3723 858 3777 Β
952 3701 1048 3780 draus
1065 3725 1093 3779 Β
1185 3725 1341 3782 iccincrcsis
1358 3727 1386 3794 T,

261 3822 421 3878 faccuorcsir
440 3824 468 3878 Β
553 3826 689 3896 'lepilogi
705 3827 734 3882 Β
820 3829 909 3882 iinon
927 3828 1039 3896 addidi,
1066 3846 1116 3886 cra
1134 3831 1199 3887 ishra'
1285 3834 1317 3886 11
1337 3849 1387 3886 ror·

262 3909 369 3996 dandae
392 3909 420 3963 Β
523 3910 558 3964 12
579 3911 694 3981 respioct
716 3913 744 3967 Β
848 3913 882 3969 ld
898 3915 1069 3983 protulerunt
1086 3917 1223 3971 tormenta
1239 3915 1325 3972 ΜΨ

262 4012 296 4066 14
320 4011 483 4067 antiatibus
508 4012 595 4070 MV
689 4016 725 4074 ll
752 4016 908 4074 mutuarum
938 4019 973 4075 1¹¹
1078 4021 1110 4076 18
1136 4021 1215 4076 rebor
1237 4021 1324 4078 BLV

259 4098 296 4153 ΒΟ
312 4099 421 4152 ammte
438 4097 476 4154 13¹
572 4099 607 4156 21
624 4100 818 4187 innototioncm
838 4104 863 4160 T
958 4105 993 4161 23
1009 4106 1084 4162 debis
1100 4107 1141 4162 ΒΙ
1157 4113 1191 4164 att
1207 4105 1321 4163 uiduus

260 4199 295 4255 24
312 4199 455 4268 locupletit
470 4200 497 4257 Β
591 4203 625 4258 25
642 4206 767 4274 respicies
785 4206 813 4261 L
907 4208 941 4263 26
958 4209 1105 4279 sepulchris
1121 4207 1217 4278 nur,
1241 4212 1305 4266 linit
1322 4213 1382 4269 cdd

262 4284 321 4352 TV3
348 4285 477 4340 ennomus
494 4289 634 4344 cmcudani
651 4305 737 4347 uncam
756 4293 804 4349 dcc
822 4310 880 4350 meo
897 4296 1009 4350 incauta
1025 4295 1127 4352 udas.
1145 4297 1173 4351 Β
1191 4299 1263 4366 (cupa
1276 4315 1309 4354 aa
1321 4301 1381 4367 rcc)
