2992 4967
615 330 744 401 ,Magni
762 330 892 385 Felici·
908 328 1040 386 Bouoeli

298 716 331 775 s
410 750 454 764 ··
503 721 688 793 uouemus
709 720 903 785 00000000
927 722 1169 787 PBt-§Bubulco
1263 692 1282 799 s

313 851 507 945 Quantu'ma
522 859 709 943 memerito,
727 858 881 945 quantum
896 859 1018 927 actione
1029 860 1073 927 sis
1085 862 1205 944 clarior,
1222 865 1402 929 orationum

269 970 393 1050 tuapum
416 964 569 1035 reserauit
584 964 721 1032 effectus.
733 981 816 1045 'acce
832 959 1058 1030 uemni'luueu
1072 964 1131 1055 filil
1141 957 1399 1032 tui'ab'atuactam

270 1068 307 1136 de
322 1070 436 1136 solacio
451 1088 521 1135 meo
537 1064 845 1156 pa'rtem'm'arimam
856 1062 1042 1133 tutentur.
1066 1086 1123 1153 ego
1139 1070 1263 1152 quidem
1280 1070 1401 1136 sanetis
1421 1097 1436 1139 a

267 1180 299 1239 et
319 1163 490 1259 legalibusf
514 1160 673 1237 tesideiils
706 1188 834 1254 procum
865 1168 1081 1254 inpedimenta
1102 1179 1173 1235 non·
1188 1172 1307 1237 adtuli:
1344 1174 1399 1239 sed

267 1278 390 1343 tantum
413 1294 465 1341 me
489 1275 598 1340 domni
615 1272 735 1339 ‘Auiani'
755 1270 888 1355 perculit
908 1289 965 1359 pro
987 1272 1055 1339 eius
1071 1276 1216 1340 'mutate
1239 1262 1399 1354 discessio,

267 1384 303 1445 ut
321 1377 459 1446 lacrimis
484 1368 696 1463 prosequerer¹
709 1375 798 1442 ct⁷ad
814 1376 923 1459 optata
943 1375 1134 1443 tendentem.
1156 1379 1263 1461 patuit
1283 1379 1398 1445 huma-

268 1501 379 1550 narum
399 1500 505 1548 rerum
540 1482 575 1547 lu
607 1481 677 1546 hac'
699 1496 792 1546 ouuea
827 1480 865 1545 (10
896 1477 1080 1546 diuersitate
1102 1483 1256 1548 formatio.
1294 1482 1397 1548 illum

269 1588 399 1653 enecant
415 1584 540 1651 Christo
563 1584 641 1649 duce
654 1582 775 1661 uotiua,
799 1600 850 1647 me
867 1581 1002 1648 feriuntt
1026 1582 1077 1648 illi
1095 1583 1255 1650 blanditur
1269 1585 1309 1650 de
1324 1597 1435 1649 oon-10

268 1685 434 1757 iunctione
449 1686 613 1765 uicinum,
643 1697 700 1752 me'
718 1684 755 1751 de
777 1686 1020 1769 sequestratione
1042 1688 1225 1773 conpunglt
1250 1698 1338 1754 ’0000
1359 1692 1398 1755 do

267 1812 395 1877 precum
417 1782 856 1885 010010001100300011101101,
880 1791 912 1854 et
922 1788 1050 1874 adeptos
1072 1809 1138 1875 nos,
1161 1791 1277 1875 siquid
1288 1793 1321 1857 in
1337 1792 1398 1857 luae

267 1898 354 1981 parte
375 1890 570 1981 postulatum
594 1895 660 1967 ost,
689 1891 771 1973 quod
799 1910 869 1957 cum
897 1890 1016 1958 (lhristi
1036 1910 1113 1975 pace
1135 1892 1198 1958 dici
1219 1893 1323 1972 licoat,
1347 1896 1397 1959 in·

266 1987 427 2085 gemesco.¹
444 1996 499 2065 sed
523 1997 605 2062 inter
633 1995 709 2060 haee
736 1995 797 2060 tali
827 1991 1010 2079 diligentiae
1039 1996 1198 2063 curatione
1226 2000 1396 2073 sustentor,

267 2102 340 2188 quia
362 2102 510 2167 domnum
529 2098 693 2165 Auianum
707 2103 902 2181 superantem
925 2101 998 2165 uota
1017 2099 1221 2165 reddidimus.
1243 2101 1339 2166 habet
1353 2102 1393 2166 de
1408 2120 1434 2163 ne

268 2204 386 2289 origine
409 2204 475 2269 eius
499 2200 601 2269 Roma
622 2200 817 2281 iactantiam,
840 2198 969 2287 Liguria
983 2205 1021 2269 de
1034 2202 1190 2289 proiectu:
1213 2204 1257 2269 lbi
1279 2205 1393 2269 (lemno

267 2306 385 2372 Fausto
407 2305 490 2372 lilius
515 2306 646 2370 naturae
673 2304 748 2387 legs
774 2322 934 2371 concessus
955 2305 1011 2384 eet,
1034 2306 1085 2372 hic
1106 2306 1281 2373 eruditione
1304 2310 1395 2392 pate-

268 2410 378 2475 factus.
405 2411 510 2475 minus
534 2406 594 2472 luit
612 2425 683 2472 cum
701 2406 905 2491 generalitate
919 2408 1077 2474 hominem
1090 2408 1176 2475 nosci
1191 2426 1295 2492 quam,
1313 2410 1394 2492 quod

267 2511 457 2579 inimitabile
478 2508 663 2587 uidebatur,
687 2508 797 2576 Fausti
824 2511 962 2575 sobolem
983 2511 1176 2593 conprobari.
1203 2510 1391 2577 'referamus

265 2614 304 2679 ad
327 2613 420 2680 deum
441 2612 594 2679 beneficia
622 2630 679 2678 sua
706 2617 738 2678 et
761 2612 821 2699 ipsi
844 2630 901 2697 pro
921 2614 976 2679 illo
998 2613 1199 2679 exhibeamus
1220 2614 1353 2697 gratias,
1376 2632 1433 2678 aro

266 2736 326 2801 quo
347 2718 544 2803 poposcimus
567 2732 647 2799 quac
669 2716 824 2781 tenemus.
846 2732 905 2781 uos
926 2716 1121 2783 salutationis
1141 2736 1229 2783 meae
1243 2718 1393 2801 obsequia

265 2839 321 2906 pro
350 2820 451 2887 sancti
479 2818 613 2905 pectoris
643 2818 740 2883 uestri
767 2818 903 2903 puritate
930 2820 1077 2903 suscipite
1103 2823 1135 2887 et
1156 2823 1294 2888 codicem
1317 2822 1394 2888 ruci·

266 2922 385 3005 pientes
408 2940 513 2988 meum
537 2941 608 2988 cum
632 2922 698 3001 illo,
722 2921 776 3005 qni
805 2920 933 2987 anobis
954 2923 1125 3005 promissus
1147 2930 1205 3007 est,
1227 2927 1392 2995 destinate.

317 3192 685 3264 nunnamenster
768 3194 939 3250 4reserabat
958 3196 1002 3262 φ’,
1028 3196 1158 3252 reserabit
1174 3198 1271 3254 ΜΨ
1353 3200 1395 3254 illi

266 3290 294 3345 Β
397 3290 415 3343 ὁ
433 3288 536 3343 solrrtlo¹
548 3287 661 3343 BLTV
762 3289 879 3345 maxima
892 3290 954 3347 BV
1053 3292 1070 3347 6
1090 3290 1280 3361 impatllmonto
1298 3294 1327 3351 L

266 3383 410 3439 10001010Ἰ
426 3384 539 3452 scripsi,
564 3385 644 3438 unta
664 3382 736 3447 libri
833 3385 952 3461 parentet
976 3384 1004 3441 Β
1106 3386 1124 3442 8
1150 3386 1272 3442 lacrimae
1298 3388 1327 3445 L

265 3477 405 3533 nummu
424 3476 459 3531 T*
555 3478 671 3532 900001
688 3478 715 3533 L
801 3478 871 3534 illud
888 3480 915 3535 L
1010 3480 1044 3535 10
1061 3481 1141 3537 errato
1159 3480 1187 3536 Β
1272 3482 1396 3537 uotiuum

265 3578 293 3629 et
310 3572 338 3628 B
433 3572 464 3626 11
484 3570 614 3627 diuinitus
630 3572 700 3639 sort.
792 3576 944 3647 conpungat
960 3572 989 3629 Β
1085 3574 1117 3629 12
1135 3574 1267 3629 sollicitus
1285 3576 1325 3633 L¹

264 3675 376 3745 adeptus
403 3676 431 3731 L
514 3658 580 3741 1²¹ec
606 3676 634 3732 Β
751 3677 783 3733 13
809 3678 884 3733 cristi
910 3678 939 3733 Β
1046 3679 1192 3751 ingemisco
1216 3680 1330 3737 BLTV

265 3772 297 3825 15
321 3768 455 3825 reddimus
477 3770 506 3827 B
619 3771 651 3826 16
674 3770 760 3841 ligari
782 3772 811 3827 Β
924 3772 955 3829 17
973 3774 1080 3841 natural
1101 3773 1175 3849 alege
1193 3773 1232 3827 Βι
1336 3794 1397 3831 ern-

265 3864 366 3919 1111000
384 3864 412 3921 L
516 3865 548 3920 18
566 3880 625 3921 uum
643 3880 678 3921 aa
695 3882 743 3921 oon
761 3866 790 3921 Β
807 3882 879 3925 corr.
974 3866 1153 3937 generalitate
1167 3867 1195 3923 Β
1290 3872 1324 3925 19
1341 3872 1393 3926 ini·

264 3983 399 4041 noeane
420 3984 455 4039 r*
556 3984 702 4041 suenni
719 3984 748 4041 a
850 3986 885 4042 ao
901 3985 1071 4043 summa
1088 3988 1129 4053 n,
1157 3952 1268 4046 iffi
1290 3990 1323 4054 ν,
1349 4006 1393 4046 01·

264 4078 370 4133 hibeem
383 4077 470 4132 refert
487 4074 522 4144 L,
550 4080 694 4135 refermus
712 4078 790 4147 Plo,
815 4080 1001 4137 redhibeamus
1018 4080 1101 4139 Sim.
1193 4082 1227 4136 22
1243 4084 1392 4153 puritatem

264 4172 292 4229 L
394 4172 541 4242 peipiontes
558 4172 586 4227 L
