2992 4967
540 338 631 393 itaer
648 338 685 405 ιι,
709 340 802 393 e-11.
1192 340 1233 405 27

104 512 351 613 suggerunt'de·
362 528 428 605 illo,
452 528 488 593 ut
510 546 601 593 suum
625 546 821 609 nequaquam
836 528 957 593 sederet
972 526 1120 594 thronum
1135 546 1233 611 noque

104 632 158 697 dei
185 632 299 716 populo
328 632 459 697 uerbum
493 631 611 696 iaceret
644 635 841 713 consuetum3
879 631 991 697 deinde
1023 648 1234 715 quoscumque

102 754 207 801 mares
235 736 286 800 nol
305 733 447 800 ‘laminas
478 735 510 798 in
539 734 648 799 babitu
677 732 809 798 barbaro
838 724 1014 799 incedentes
1042 736 1076 799 in
1105 733 1233 799 ecolmia

102 832 321 922 conspiceret,¹
343 838 528 922 prohiberet.
566 836 626 901 Ille
648 835 807 919 respondit
829 840 865 900 ut
887 838 1007 902 decuit:
1040 830 1160 903 ‘domus
1182 837 1232 902 (lei

68 944 251 1009 comnibus
280 942 381 1025 patet,
421 941 574 1005 intrantes
605 939 710 1004 nullus
740 938 856 1023 poterit
883 929 1060 1024 repellero'3
1097 941 1231 1005 marimo

101 1044 181 1127 qnia
202 1047 312 1130 ingens
335 1044 437 1111 luerat
451 1043 622 1108 multitudo
637 1041 1056 1108 nostrorumoetnoricorum
1070 1044 1102 1109 in
1122 1043 1232 1109 habitu

99 1148 231 1213 illorum
260 1147 480 1221 incedentium.
513 1145 552 1211 ob
579 1146 638 1209 hoo
670 1147 751 1226 qaod
778 1146 883 1210 domui
911 1144 1014 1227 regiae
1043 1146 1230 1212 seruiebant.

109 1266 122 1301 ·-
151 1250 260 1335 (fill)
282 1250 327 1316 rit
349 1249 402 1315 ubi
425 1250 463 1314 ab
487 1247 611 1313 homine
626 1248 675 1312 dei
690 1247 755 1312 tale
771 1262 950 1329 responsum
965 1251 1097 1329 accepit,
1117 1247 1230 1313 statuit
1263 1254 1282 1311 9

92 1352 137 1417 in
160 1356 259 1435 portis
281 1352 426 1421 ecclesiae
450 1349 597 1417 collocari
611 1352 755 1415 tortores.
779 1348 840 1429 Qui
854 1349 997 1416 uidentes
1014 1351 1163 1417 seminam
1178 1353 1229 1417 uel

49 1480 85 1517 ιο
97 1457 279 1521 masculum
302 1456 336 1520 in
358 1454 557 1538 speciesnae
578 1452 680 1536 gentis
703 1451 907 1534 ambulantes,
930 1452 1002 1518 ilico
1024 1453 1103 1534 palis
1125 1452 1227 1519 mino·

90 1558 189 1623 ribus
212 1559 349 1623 tenutis
370 1558 458 1623 iectia
481 1558 513 1622 in
537 1558 637 1639 capite
660 1557 858 1639 crinibusque
879 1558 913 1621 in
933 1560 1049 1623 eisdem
1065 1558 1227 1641 conligatis

96 1678 137 1725 ac
166 1660 598 1743 uehementiusstringentes
626 1661 721 1727 simul
749 1680 822 1725 cum
844 1659 967 1743 capillis
990 1678 1113 1726 omnem
1135 1660 1228 1743 pelli-

98 1763 206 1828 culam
236 1761 348 1845 capitis
377 1763 569 1829 auferebant.
606 1762 758 1829 Nonnulli
786 1765 862 1829 dum
884 1764 973 1829 tieret
990 1764 1100 1830 statim
1122 1762 1226 1827 oculos

97 1864 298 1943 amiserunt..
316 1865 372 1931 alii
390 1868 460 1950 ipso
484 1867 587 1931 dolore
609 1868 757 1933 defuncti.
789 1866 938 1931 Mulieres
960 1884 1033 1931 uero
1056 1869 1127 1949 post
1147 1866 1228 1931 banc

51 1986 234 2050 repoonarn
258 1968 411 2052 capitibus
427 1968 515 2052 pelle
537 1970 663 2035 nudatis
686 1987 835 2053 praecone
856 1973 1023 2052 praeeunte
1036 1988 1092 2052 per
1105 1968 1224 2051 plateas

97 2070 140 2135 ed
161 2071 376 2137 'ostensionem
404 2072 500 2137 totius
523 2072 664 2137 ciuitatis
686 2070 889 2137 ducebantur.
928 2072 1017 2152 Quod
1039 2070 1103 2136 sibi
1123 2070 1226 2154 magis

96 2173 401 2256 quaepatiebantur
422 2174 545 2239 lucrum
567 2174 737 2238 maximum
760 2175 980 2255 conpetebant.
1009 2174 1148 2255 Quorum
1170 2189 1226 2237 nos

93 2277 252 2361 plurimos
267 2277 423 2357 nouimus,
446 2294 503 2341 neo
518 2276 635 2341 soimur
651 2294 757 2342 eorum
771 2276 908 2360 aliquem
923 2280 998 2342 tunc
1011 2278 1107 2342 etiam
1119 2276 1225 2357 poenis

94 2380 305 2463 urguentibus
318 2429 322 2441 ,
335 2399 362 2445 a
376 2380 461 2445 recto
483 2381 594 2445 itinere
617 2380 782 2446 destitisse.
814 2382 859 2445 At
881 2382 935 2445 ubi
956 2381 1017 2445 isto
1039 2380 1130 2445 modo
1152 2378 1225 2444 fidei
1237 2380 1279 2446 10

51 2481 267 2561 roiniringe're
285 2481 362 2547 'non
395 2483 497 2547 ualuit
530 2500 664 2560 murum,
699 2486 817 2565 cogitat
850 2487 885 2547 nt
914 2484 1036 2548 nostrae
1064 2482 1225 2565 religionis

92 2584 237 2649 homines
258 2584 291 2648 in
315 2585 386 2649 aula
408 2584 475 2649 eius
498 2584 659 2651 constituti
676 2602 776 2667 neque
797 2600 935 2650 annonas
956 2604 1054 2668 neque
1069 2584 1225 2667 stipendia

92 2688 190 2753 solita
217 2686 400 2770 potirentur.
439 2688 572 2754 addidit
600 2706 720 2771 quoque
748 2689 781 2752 et
807 2688 965 2754 laboribus
990 2706 1042 2754 eos
1064 2689 1223 2773 conterere

90 2790 275 2855 rusticanis.
309 2791 427 2873 Dirigit
462 2792 548 2857 uiros
576 2792 726 2875 ingenuos
753 2794 788 2855 et
814 2791 982 2858 admodum
1010 2791 1160 2857 deboatos
1182 2791 1222 2856 ad

91 2910 241 2975 campum
270 2893 466 2975 Uticensem,
501 2898 538 2959 ut
565 2896 622 2961 rub
651 2894 788 2961 udentia
816 2894 892 2960 solis
920 2894 1063 2960 incendio
1092 2893 1222 2976 cespites

50 3016 81 3059 aa
91 2995 244 3061 messium
283 2997 480 3080 desecarent3
514 2997 570 3063 ubi
606 3004 711 3065 omnes
746 3017 818 3064 oum
853 2997 968 3081 gaudio
996 3000 1159 3083 porgentes
1188 2996 1222 3061 in

90 3097 219 3165 domino
236 3099 446 3165 laetabantur.
463 3100 501 3165 In
517 3120 648 3183 quorum
663 3101 865 3167 contubernio
881 3101 1009 3183 quidam
1024 3100 1086 3165 init
1101 3100 1222 3165 aridam
1234 3096 1271 3161 11

91 3200 210 3266 babens
244 3218 381 3287 manum,
415 3220 493 3285 quae
519 3222 580 3287 per
614 3221 709 3271 annos
744 3203 1018 3286 quamplurimos
1048 3203 1171 3269 nullum
1193 3202 1221 3266 ei

90 3307 294 3387 praestiterat
316 3305 509 3389 obsequium.
534 3306 593 3388 Qui
617 3324 688 3371 cunr
712 3306 867 3371 ueraciter
882 3308 1087 3371 excusaretse
1102 3303 1221 3388 operari

144 3492 160 3544 1
189 3492 346 3561 suggerunt]
374 3494 524 3563 suggerunt
548 3493 606 3561 regi
633 3494 674 3560 αβ
776 3492 793 3545 2
822 3492 866 3546 dei
889 3491 998 3562 populo]
1024 3492 1058 3546 ad
1076 3491 1119 3546 dei
1136 3506 1219 3560 popu·

87 3578 184 3648 lump
288 3580 487 3649 quocumqueit
589 3578 606 3632 3
630 3578 800 3634 incendentes
827 3578 862 3633 V¹
965 3579 995 3632 in
1022 3578 1132 3632 eeclesia
1158 3576 1220 3631 V‘O

87 3665 192 3717 intrare
209 3662 348 3718 ecclesiam
366 3664 404 3717 M
502 3665 685 3734 lconopioere
703 3662 785 3733 BpR
887 3665 979 3720 docuit
997 3666 1026 3719 P
1126 3663 1221 3730 brep-

87 3748 189 3820 pellere
207 3766 226 3803 a
327 3750 560 3805 ‘iincendentium
583 3751 634 3805 V¹t
739 3750 924 3820 logenton
1028 3750 1060 3803 11
1085 3748 1167 3803 rcotie
1183 3747 1220 3802 Μ

87 3834 154 3888 ictis
172 3837 202 3888 a¹
215 3834 308 3911 iactis
331 3834 359 3889 L
442 3836 668 3907 vcriminibusque
689 3834 716 3890 V
739 3834 924 3905 orornibuequo
945 3835 968 3889 0
1068 3833 1218 3903 contegatis

91 3920 144 3977 Vc
229 3921 263 3975 13
280 3921 466 3976 auferrentM
487 3921 685 3977 sufferebautt
772 3924 806 3976 15
822 3921 946 3991 platheas
968 3922 1001 3974 W
1085 3920 1119 3974 18
1135 3919 1218 3973 nosci·

83 4006 183 4081 ¹munit
270 4022 361 4060 eorum
378 4009 444 4061 tunc
461 4007 577 4077 aliquem
597 4026 615 4062 a
641 4012 706 4062 tuno
724 4006 841 4076 aliquem
859 4020 951 4062 eorum
974 4006 1027 4076 Wp
1117 4006 1150 4061 19
1166 4006 1218 4059 ite·

86 4092 189 4147 nerei}
285 4092 446 4163 mnarum]
459 4093 575 4164 ullump
666 4093 996 4164 alanleeiue100uloirc
1084 4089 1219 4163 stipendio

87 4176 200 4231 solitos
293 4178 534 4247 aapotorenturo
629 4180 807 4235 ssbmensium
821 4180 875 4235 PR
964 4179 1085 4235 torrida
1096 4182 1152 4237 Bo

86 4262 122 4317 28
139 4262 280 4316 uoraterb
