2992 4967
298 378 341 447 90
697 373 854 430 Uictoris
878 374 1036 430 Uiteusis

297 585 375 650 quae
397 572 430 631 te
453 566 656 639 accusabunt,
688 565 765 630 dum
786 565 936 633 maiestas
968 567 1089 632 cenent
1116 566 1302 649 iudicantis3
1329 569 1426 633 emto·

298 670 424 735 dientur
453 666 617 751 diligentia
650 685 721 733 mea
742 668 782 733 ad
810 668 1030 735 testimonium
1058 674 1134 735 cuae
1161 669 1364 752 perditionis,
1391 670 1426 734 ad

297 774 541 857 demergendum
564 774 596 837 te
618 772 650 837 in
668 772 777 855 abysso
792 773 880 857 putei
895 772 1129 857 sulphurantis:
1151 774 1228 840 baec
1242 777 1278 837 te
1293 775 1427 839 inmacu-

297 878 398 943 latum
429 875 589 941 cinxerant
617 873 655 939 de
682 872 769 939 fonte
797 878 995 959 surgentem,
1031 874 1108 940 baec
1135 877 1168 939 te
1198 874 1305 941 acrius
1326 893 1429 959 pereo

297 983 442 1063 quantur,
465 976 681 1043 flammantem
704 976 880 1060 gehennam
902 995 974 1043 eum
996 978 1133 1061 coeperis
1155 978 1336 1063 possidere,
1362 978 1455 1060 quiae

297 1082 469 1149 induisti
492 1085 529 1145 te
552 1080 878 1146 maledictionem
900 1080 1333 1159 sicutuestimeutum‚
1354 1080 1431 1145 sein·

297 1187 374 1252 dens
403 1188 496 1267 atque
524 1184 674 1251 amittens
707 1184 775 1249 ueri
797 1183 999 1268 baptismatis
1028 1186 1061 1250 et
1088 1184 1161 1249 fidei
1189 1186 1429 1251 sacramentum

298 1288 378 1369 Quid
401 1288 540 1353 facturus
563 1305 611 1367 es,
641 1288 744 1364 miser,
769 1305 841 1353 eum
864 1290 948 1353 serui
968 1287 1068 1371 patris
1098 1288 1238 1353 familias
1261 1288 1307 1353 ad
1329 1306 1430 1351 cenam

297 1392 417 1475 regiam
448 1407 634 1475 congregare
668 1391 827 1474 coeperint
860 1389 1036 1458 inuitatos?
1079 1390 1168 1456 Tunc
1195 1393 1229 1455 te
1265 1391 1430 1473 aliquando

298 1496 444 1560 uocatum
467 1492 653 1559 terribiliter
682 1493 865 1579 indignatus
889 1498 1018 1561 erutum
1040 1495 1156 1559 stolam
1178 1513 1232 1559 ren
1265 1494 1453 1577 conspiciere

298 1598 469 1680 nuptialem
496 1595 674 1681 licebitque
696 1596 773 1663 tibi:
800 1598 939 1676 amice,
971 1598 1158 1680 quomodo
1188 1598 1264 1664 huc
1287 1596 1430 1662 uenisti

298 1704 452 1767 uestem
475 1719 547 1767 nou
570 1699 722 1767 babens
745 1700 993 1783 nuptialem?
1015 1717 1077 1767 non
1098 1702 1288 1784 uideoqucd
1307 1698 1428 1774 contuli

299 1822 361 1872 non
385 1822 535 1887 cognosco
558 1803 639 1887 quod
663 1803 742 1869 dedi.
778 1801 947 1870 Perdidisti
969 1803 1103 1869 militiae
1125 1804 1318 1883 clamidem,
1346 1820 1431 1886 quam

299 1908 332 1971 in
355 1908 420 1972 tela
441 1907 654 1991 uirgineorum
670 1907 882 1973 membrorum
899 1904 1006 1971 decem
1021 1907 1183 1973 mensibus
1197 1907 1291 1973 tenui
1313 1909 1348 1971 et
1369 1908 1429 1969 ten·

299 2009 420 2075 diculus
449 2012 548 2076 crucis
572 2010 740 2075 extendens
763 2026 843 2092 aqua
871 2008 1023 2075 mundani
1051 2012 1084 2074 et
1105 2027 1246 2092 purpura
1276 2011 1343 2073 mei
1365 2022 1454 2071 sau-c

300 2112 403 2195 guinis
419 2113 574 2179 decoraui.
592 2111 661 2177 Non
677 2111 834 2195 conspicio
851 2112 974 2177 cultum
986 2112 1137 2195 signaculi
1152 2113 1225 2191 mei,
1241 2113 1428 2179 caracterem

299 2232 361 2279 non
384 2215 474 2279 uideo
498 2212 669 2281 trinitatis:
698 2214 775 2280 talis
801 2214 952 2279 interesse
982 2232 1044 2280 non
1072 2216 1188 2297 poterit
1210 2215 1320 2299 epulis
1347 2212 1428 2279 meis.

249 2311 409 2401 tibigete
433 2336 502 2383 eum
525 2317 656 2402 pedibus
684 2319 717 2384 et
739 2319 886 2384 manibus
916 2318 1066 2385 funiculis
1092 2319 1176 2399 suis,
1204 2322 1280 2403 quia
1310 2338 1344 2385 se
1370 2318 1427 2401 ipse

299 2422 477 2487 uoluntario
506 2440 648 2505 seperare
679 2421 781 2489 uoluit
803 2440 821 2486 a
844 2421 1006 2489 catholicis
1029 2421 1147 2489 dudum
1175 2422 1331 2488 iratribus
1359 2420 1426 2487 suis.

299 2524 370 2608 Ipse
394 2524 507 2591 tunes
529 2524 712 2591 extendit
735 2524 933 2591 continuatos
955 2526 998 2591 in
1018 2524 1227 2608 laqueum,
1257 2524 1374 2609 quibus
1398 2524 1450 2587 ets

298 2630 398 2693 semet
420 2629 523 2713 ipsum
545 2628 658 2707 uinxit,
683 2632 714 2693 et
737 2629 826 2706 alios,
848 2646 889 2693 ne
911 2629 951 2693 ad
974 2628 1060 2694 istud
1076 2630 1223 2693 uenirent
1237 2628 1425 2698 conuiuium,

400 2834 620 2901 6Ps.108‚18.
725 2835 759 2888 11
777 2834 829 2888 Mt.
847 2833 889 2899 22,
909 2834 950 2889 12.
1054 2834 1089 2888 20
1111 2835 1145 2889 ci.
1161 2834 1208 2888 Pe.
1228 2835 1288 2899 139,
1306 2836 1332 2889 6.

349 3024 365 3077 3
383 3022 587 3092 dimergcndum
608 3022 701 3079 WPR
729 3022 810 3077 etad
828 3023 1002 3093 mergendum
1021 3023 1056 3077 Μ
1142 3022 1270 3091 abyssum
1287 3024 1331 3093 abl
1358 3018 1422 3073 abia

297 3124 358 3161 sum
379 3108 434 3162 We
536 3109 713 3163 deiurarunt
730 3108 776 3164 bR
802 3108 957 3163 cincrerunt
976 3110 1004 3164 P
1104 3111 1277 3179 persequente
1296 3106 1362 3162 111Ι
1478 3087 1479 3124 ¹

297 3193 518 3248 bilamantemt
610 3195 739 3264 gebenam
759 3194 794 3248 W
884 3194 932 3263 qui
950 3195 979 3249 P
1071 3196 1194 3249 cauom.
1214 3195 1263 3249 Me
1350 3190 1422 3245 male

299 3280 417 3335 dictione
442 3286 468 3334 ct
495 3280 661 3335 uestimenta
688 3282 703 3335 b
816 3279 961 3335 scindens.
978 3320 984 3332 .
1000 3320 1008 3333 .
1022 3284 1218 3335 sacramentum
1245 3297 1296 3336 om.
1330 3278 1368 3333 W

297 3365 479 3421 ladmittens
499 3366 526 3420 P
618 3367 812 3436 tcongregari
832 3367 886 3423 PR
983 3368 1017 3423 1⁰
1033 3367 1105 3421 stola
1127 3367 1192 3424 0²eu
1284 3362 1421 3433 conspiciet

298 3456 325 3507 et
341 3453 400 3507 Ms¹
428 3453 628 3522 conspiciensfl
733 3454 766 3507 11
784 3452 902 3521 nuptiali
925 3453 971 3510 (Pe
1073 3452 1226 3523 dicebitquc
1243 3450 1421 3509 aarum:

298 3536 456 3607 dicebatque
474 3540 502 3593 P
528 3538 650 3607 dicetque
669 3538 782 3594 0²n1an
808 3539 939 3595 dioetob
1046 3540 1182 3610 recogno
1203 3540 1245 3595 W
1338 3532 1419 3606 qum]

297 3625 399 3693 quaet
503 3623 537 3677 14
554 3624 662 3691 uirgine
689 3624 786 3678 borum
818 3624 940 3680 Vmbro
1043 3624 1232 3693 membrorum]
1255 3640 1290 3678 m.
1309 3623 1419 3694 getam

298 3709 408 3775 l-urub)
421 3710 458 3779 αβ
548 3708 649 3779 decern]
667 3724 761 3763 nouom
782 3710 816 3765 0¹
906 3710 980 3765 tenui
999 3711 1041 3764 b‘:
1067 3710 1122 3764 texi
1140 3710 1201 3764 rell.
1292 3702 1418 3764 undula

296 3812 315 3849 c
340 3794 480 3849 tendicula
496 3796 586 3850 Wa²b²
681 3798 830 3865 inaquam
846 3796 1006 3851 BVnreac
1097 3796 1225 3851 mandari
1240 3797 1277 3851 V*
1364 3804 1418 3861 pur·

298 3896 391 3949 puram
408 3880 518 3937 BVPR
623 3882 655 3935 16
672 3880 800 3936 doooraui
816 3882 844 3935 B
946 3882 1077 3953 conspicio
1089 3885 1194 3939 cultum
1206 3882 1347 3951 signaculi]
1362 3892 1415 3932 ocu·
1477 3865 1478 3926 1

298 3966 651 4036 prennnaoeurnnvcnra
737 3966 907 4022 maeres
931 3968 1134 4024 mumma
1229 3959 1414 4027 rumenel

273 4053 404 4107 ‘nouudb
420 4054 456 4107 V¹
480 4070 580 4109 nouum
598 4054 689 4108 deifice
706 4054 778 4108 ΨΜ
877 4070 931 4110 non
949 4056 1081 4127 conspitio
1098 4056 1206 4111 occultu
1222 4052 1354 4124 signaculi
1369 4044 1413 4102 mci
1477 4051 1478 4110 l

298 4144 456 4193 camcterem
484 4156 536 4195 non
564 4140 641 4195 uideo
666 4140 803 4195 trinitatis
827 4140 941 4196 amicum
965 4144 1005 4198 ric
1026 4142 1086 4198 We’
1190 4140 1223 4195 18
1250 4138 1367 4195 manibus
1389 4134 1411 4184 11

297 4224 409 4295 pedibus
426 4228 468 4297 αβ
562 4228 619 4297 ipsa
636 4242 664 4281 se
681 4244 699 4280 c
804 4228 837 4281 19
854 4229 972 4297 separari
990 4229 1018 4284 P
1100 4244 1185 4283 eom
1204 4229 1233 4282 P
1325 4222 1410 4280 dudum

298 4312 384 4381 crud
487 4312 522 4367 20
539 4313 635 4379 quibua
653 4316 685 4367 ut
704 4312 759 4367 PR
862 4314 895 4368 21
914 4314 1019 4368 iuncxit
1040 4314 1080 4369 W
1178 4316 1273 4368 uerunt
1290 4310 1354 4366 BV'
