2992 4967
288 334 353 401 438
653 329 769 399 Magni
787 326 916 382 Felicis
932 324 1061 381 Ennodi

289 524 363 589 unte
380 522 606 588 discussionem
621 518 726 604 compi
740 518 834 584 miles
849 518 1003 602 mounes.
1025 518 1081 601 qui
1098 517 1275 601 properatis
1290 518 1438 585 subeunt

289 623 472 709 Olympiaca
494 623 580 690 bella
601 622 757 708 uestigiis,
780 622 934 703 numquid
958 622 1002 686 eis
1026 623 1101 687 ante
1123 625 1438 689 consummationem

290 727 472 793 certaminis
495 728 633 810 suppetit
656 744 725 810 spes
745 742 877 793 coronae
898 724 1021 790 dicente
1041 725 1199 809 apostolo:
1223 744 1302 791 non
1326 744 1438 792 eoro—

290 832 422 910 natur,
458 830 537 895 nisi
570 830 635 913 qui
668 828 850 912 legitime
882 828 1127 894 certauerit?
1170 846 1241 894 ecce
1271 848 1331 896 neo
1358 829 1437 895 illos

289 934 378 1000 decet
400 935 474 999 ante
495 935 643 1000 meritum
666 932 874 1017 praedicatio,
904 932 1057 1015 aquibus
1080 931 1164 997 iuste
1185 932 1330 1014 poscitur
1359 939 1468 1015 poste

289 1039 439 1105 lebetem.
462 1038 569 1103 nostra
591 1056 608 1102 e
626 1037 747 1102 diuerso
771 1036 890 1120 prolixo
913 1035 1011 1101 distat
1032 1035 1112 1100 calle
1134 1034 1289 1113 condicio,
1314 1036 1437 1118 quibus

289 1146 415 1207 tautum
439 1141 614 1225 decerpitur
637 1142 674 1205 de
696 1140 787 1225 fruge
802 1138 1007 1216 innocentiae,
1031 1142 1186 1220 quantum
1202 1140 1381 1204 adcesserit
1398 1141 1437 1205 de

288 1245 406 1311 lubere.
451 1264 523 1309 nem
553 1244 635 1310 sicut
662 1242 759 1325 positi
786 1244 818 1307 in
847 1242 1002 1307 tirociniis
1037 1242 1261 1316 aestimamus,
1295 1243 1436 1324 plenum

246 1368 252 1381 ·
289 1348 486 1415 necessitatis
517 1352 548 1412 et
571 1346 702 1430 periculi
722 1348 784 1412 iter
806 1348 868 1429 est,
899 1345 931 1410 in
961 1364 1022 1427 quo
1050 1347 1084 1410 et
1105 1345 1258 1411 sectanda
1286 1347 1341 1411 est
1364 1347 1435 1410 uite

288 1450 457 1517 laudabilis
480 1454 511 1515 et
533 1450 570 1515 fit
592 1450 713 1533 probris
736 1449 963 1525 uberrime,·ei
985 1448 1141 1515 desideret
1163 1449 1201 1515 ab
1224 1448 1466 1515 humanitates

288 1554 421 1634 laudari.
461 1554 544 1620 ectio
572 1556 681 1619 nostru
708 1552 736 1618 si
759 1554 798 1618 de
820 1553 908 1618 bonis
930 1552 995 1617 suis
1017 1551 1113 1617 inerit
1136 1552 1237 1629 eluta,
1267 1551 1434 1617 sordescet

287 1658 540 1740 protestantibus
570 1656 687 1723 diuinis
716 1656 863 1738 eloquiis:
894 1656 963 1739 qui
991 1674 1059 1721 uos
1089 1654 1275 1733 laudant,
1309 1655 1432 1720 sedu-

288 1761 489 1839 enutries,
512 1760 1164 1843 etsubuertuntsemitaspedum
1187 1762 1431 1824 uestrorum.

287 1865 485 1947 splendorem
518 1862 673 1945 pontificis
707 1880 772 1940 res,
805 1880 868 1927 non
900 1864 1009 1947 lingua
1041 1863 1193 1927 testetur:
1232 1860 1307 1945 plus
1344 1861 1431 1927 lucet

288 1966 417 2033 claritas
441 1968 533 2033 huius
557 1966 651 2033 officii
674 1965 819 2031 ueritatis
842 1964 958 2032 indicio
972 1984 1069 2048 quam
1084 1963 1235 2047 loquelae.
1261 1982 1336 2030 ecco
1359 1984 1461 2030 cer-s

288 2068 364 2134 uitis
388 2089 483 2153 quam
511 2071 582 2136 tnta
611 2070 655 2135 sit
686 2086 781 2135 causa
808 2068 942 2134 subiecti
972 2070 1004 2134 et
1032 2068 1159 2151 quentis
1188 2068 1428 2134 discriminibus

287 2173 406 2240 sociata
429 2174 608 2257 praepositi.
632 2173 739 2238 munis
761 2192 831 2237 mes
854 2172 924 2255 plus
947 2172 1092 2254 poteritis
1115 2170 1228 2237 fulcire
1250 2171 1428 2254 gemitibus

288 2295 383 2359 quam
398 2277 543 2342 clamore.
568 2294 659 2341 nomo
679 2278 759 2358 quod
776 2273 905 2340 auribus
920 2275 1117 2341 lenocinetur
1133 2274 1242 2339 credat
1257 2274 1427 2338 eximium:

287 2398 391 2445 sermo
414 2384 530 2458 noster,
554 2380 614 2444 nisi
637 2380 760 2443 enimse
783 2377 935 2454 medetur,
958 2377 1098 2443 abiectus
1122 2380 1180 2441 est.
1214 2376 1310 2441 illum
1333 2396 1426 2460 prae-

286 2483 376 2566 ferte,
393 2483 448 2568 qui
462 2484 600 2567 spiritali
616 2482 697 2547 iales
713 2481 856 2546 sentibus
872 2482 986 2565 purgat
1001 2480 1135 2547 interna.
1158 2482 1236 2545 tuno
1249 2480 1460 2563 pretiosuma

286 2585 422 2669 pastoris
447 2586 590 2652 diadema
613 2588 669 2665 est,
693 2585 816 2667 quando
839 2584 977 2650 suasioni
999 2584 1068 2649 eius
1088 2602 1164 2669 grex
1179 2584 1425 2660 ecclesiasticus,

286 2692 361 2756 dum
376 2690 416 2755 ad
431 2690 620 2773 probitatem
636 2690 787 2773 graditur,
812 2706 874 2752 non
892 2688 1057 2771 repugnet.
1080 2688 1136 2753 ille
1151 2687 1218 2753 siue
1235 2687 1305 2752 fuco
1321 2689 1426 2752 moui·

286 2796 386 2857 torem
410 2794 443 2856 et
464 2792 577 2857 feriato
601 2810 653 2857 ore
675 2791 781 2875 diligit
805 2793 858 2873 qui
874 2791 940 2856 eius
956 2791 1104 2856 instituta
1118 2790 1269 2856 sectetur.
1291 2788 1425 2855 additur

286 2895 367 2977 quod
391 2895 540 2978 inperitia
563 2897 671 2960 nostre
692 2896 811 2960 iustam
832 2894 968 2959 sustinet
990 2893 1028 2958 de
1050 2894 1121 2977 ipss
1147 2892 1288 2959 nouitate
1311 2893 1425 2958 formi-

285 2994 409 3075 dinem,
440 2996 494 3079 qni
523 3014 625 3080 nuper
647 3000 684 3062 de
707 2996 844 3063 ouilibus
868 2997 908 3063 ad
930 2997 1114 3063 custodiam·
1127 2996 1305 3080 praeparati
1326 2999 1458 3064 aden-z

285 3099 420 3164 escimns
450 3102 487 3164 de
515 3100 733 3166 uniuersorum
755 3099 825 3165 fieri
847 3100 1033 3165 necessitate
1055 3100 1211 3183 suspecti,
1242 3103 1275 3165 et
1297 3099 1348 3164 cui
1371 3102 1425 3165 uin

285 3198 348 3265 fuit
376 3218 431 3284 pro
461 3219 495 3266 se
529 3201 591 3267 fida
619 3202 723 3267 cautio
753 3202 886 3285 suscipit
918 3201 1059 3268 officinm
1093 3203 1207 3267 cuncta
1239 3202 1423 3267 metuentis

387 3372 626 3439 enimse
731 3373 924 3437 lennem

337 3494 500 3601 ladquiret
524 3530 600 3601 (ite.
619 3531 637 3586 l
656 3546 692 3585 m
710 3534 776 3599 ree)
800 3530 828 3585 Β
929 3530 947 3583 Β
973 3528 1116 3598 olimpinca
1142 3526 1225 3583 LTV
1327 3542 1422 3581 consu-

284 3616 431 3671 mationem
448 3617 477 3672 Β
573 3616 680 3672 bdeeit
697 3616 737 3671 13¹
832 3615 1028 3671 6diuersuB¹
1124 3615 1342 3683 ltsntumeoep.
1361 3614 1391 3669 L

284 3701 473 3771 decerpitur-
442 3706 612 3772 -quantum
635 3720 686 3760 om.
710 3702 736 3759 L
849 3702 993 3757 mouerit
1011 3700 1069 3807 (d,
1058 3720 1090 3758 m
1108 3719 1123 3757 c
1139 3716 1210 3758 corr.
1226 3717 1261 3755 sc
1279 3702 1307 3767 1)
1325 3700 1354 3755 Β

283 3804 410 3860 Slabore
427 3805 465 3875 Β,
492 3806 585 3863 lsuore
602 3807 685 3863 ΜΨ
787 3807 929 3879 tyrociniis
948 3807 1012 3874 LV,
1038 3778 1163 3861 uociuiis
1181 3803 1208 3858 Β
1312 3805 1423 3860 §linter

283 3906 312 3961 Β
407 3908 441 3964 10
457 3908 585 3963 desiderit
603 3909 651 3977 Β,
679 3910 818 3966 desederet
833 3911 875 3967 L¹
892 3909 1049 3967 dudm
1144 3890 1308 3963 umanitete
1327 3908 1355 3963 Β

285 4009 317 4064 11
336 4010 470 4066 sordescet
489 4014 563 4081 (ite
583 4014 601 4068 l.
620 4030 654 4071 m.
673 4016 740 4084 ree.)
758 4013 787 4070 Β
882 4015 1014 4085 relucet]
1033 4013 1111 4069 ducit
1129 4013 1157 4068 Β
1255 4014 1290 4067 15
1308 4016 1421 4068 cernetis

283 4093 312 4148 Β
417 4098 449 4151 16
466 4100 537 4168 tutu]
556 4102 605 4153 tna
623 4100 650 4153 L
756 4100 790 4155 1⁷
807 4100 955 4171 gemitibus
973 4100 1001 4169 (b
1020 4103 1102 4167 corr.)
1120 4097 1148 4153 B
1254 4098 1287 4153 19
1303 4098 1421 4153 meditur

283 4178 355 4336 31)st
372 4180 615 4324 L2T⁰Vpreetiosum
633 4186 662 4240 Β
748 4186 784 4241 23
800 4186 899 4257 diliget
916 4187 944 4241 Β
1030 4186 1065 4241 25
1082 4185 1126 4240 sd
1128 4201 1179 4241 cm.
1197 4185 1226 4239 Β
1312 4184 1347 4239 27
1365 4200 1420 4239 sus·
