2992 4967
269 351 312 420 20
661 350 814 405 Uictoris
843 351 997 406 Uitenais

265 558 315 606 me
336 542 467 623 sepelire
483 540 637 627 digneris,
671 542 849 608 redditurus
879 544 1003 608 domino
1029 548 1147 621 nostro,
1175 542 1238 608 nisi
1267 542 1393 616 feceris,

264 644 434 712 rationem’.
458 644 529 709 Non
550 644 631 727 quod
652 644 707 711 ille
729 649 858 725 curaret,
881 648 935 712 nbi
956 645 1011 710 aut
1033 644 1167 727 qualiter
1187 664 1281 710 suum
1303 663 1395 726 sepc-

263 748 376 814 litetur
409 766 530 833 corpus,
564 748 618 813 scd
640 752 675 814 ut
697 748 778 814 illud
809 750 1083 826 demonstraretur,
1118 750 1200 831 quod
1220 766 1313 813 sarno
1333 765 1393 813 suo

212 852 457 919 idreuelauerat
480 853 565 916 deus.
588 848 761 934 Respondit
775 851 863 916 Felix
884 857 916 916 et
933 852 1028 917 dicit:
1050 851 1145 917 ‘absit
1159 872 1180 917 a
1193 852 1294 932 nobis,
1314 871 1394 917 con·
1488 855 1489 886 ³

264 955 362 1019 fossor
394 954 590 1034 uenerabilis,
625 956 680 1019 sed
710 955 860 1039 sepeliam
880 961 914 1020 te
935 956 971 1020 in
997 974 1063 1025 una
1089 956 1289 1022 basilicarum
1318 975 1432 1022 cums

263 1056 421 1139 triumpho
445 1061 477 1122 et
499 1060 601 1139 gratia
623 1076 684 1141 qua
712 1058 862 1123 mereris'.
899 1058 957 1124 Oui
979 1058 1090 1125 boatus
1112 1062 1284 1143 armogas:
1305 1056 1393 1133 ‘nom

263 1162 316 1227 sed
338 1165 418 1243 quod
434 1160 496 1226 dixi
518 1162 659 1226 facturus
678 1162 729 1226 es’.
751 1162 812 1227 Ille
828 1163 944 1227 timens
959 1160 1009 1228 dei
1022 1163 1178 1228 hominem
1194 1163 1394 1239 contristare,

264 1264 414 1330 ueraciter
439 1265 521 1347 quod
542 1266 678 1330 iusserat
699 1266 846 1347 promisit
867 1283 935 1330 esse
957 1264 1122 1331 facturum.
1166 1266 1282 1332 Statim
1303 1266 1396 1330 intra

263 1368 462 1451 paucissimos
485 1368 551 1433 dics
574 1384 676 1433 comes
692 1369 789 1434 bonae
804 1366 1002 1435 confessionis
1024 1372 1062 1435 de
1076 1370 1134 1433 hac
1147 1368 1215 1433 uita
1230 1368 1394 1452 migrauit.

261 1470 437 1538 Festinanit
458 1470 544 1536 liclir
567 1470 629 1536 sibi
651 1470 831 1555 delegatum
852 1470 911 1536 sub
927 1474 1034 1537 arbore
1049 1470 1154 1537 fodere
1176 1471 1393 1554 sepulchrum.
1403 1496 1431 1535 ιο

262 1574 332 1655 Qui,
367 1592 438 1640 cum
466 1574 579 1639 intexti
612 1574 730 1640 radices
753 1578 786 1639 et
808 1574 950 1640 soliditas
984 1575 1088 1641 aridae
1114 1574 1239 1640 telluris
1266 1592 1395 1640 moram

262 1678 378 1744 feceret
400 1683 431 1743 et
453 1678 602 1761 laborem,
637 1678 819 1761 angebatur,
850 1680 932 1760 quod
963 1678 1085 1743 tardius
1112 1678 1215 1743 sancti
1244 1678 1394 1743 membra

263 1782 397 1864 corporis
420 1782 632 1846 humarentur.
677 1780 816 1846 Tandem
838 1778 969 1845 abscisis
991 1780 1147 1846 radicibus
1168 1782 1269 1846 multo
1292 1780 1395 1847 aldus

262 1887 378 1951 terram
394 1888 538 1950 canantes
554 1884 745 1965 conspiciunt
756 1884 951 1969 sarcofagum
965 1883 1207 1968 splendidissimi
1223 1886 1395 1951 marmoris

261 1990 490 2075 praeparatum,
513 1986 638 2069 qualem
660 1987 740 2052 forte
763 1986 869 2053 nullus
891 1988 1016 2053 omuino
1037 1988 1150 2053 habuit
1169 2008 1290 2073 regum.
1403 2012 1430 2051 ie

211 2129 252 2193 47
308 2128 346 2209 (I,
364 2126 418 2211 15)
442 2124 503 2191 Sed
532 2144 589 2191 nec
617 2123 772 2207 quendam
804 2126 1035 2205 archimimnm‚
1068 2128 1192 2193 nomine
1213 2127 1393 2203 Mascrdan,

262 2228 357 2295 debeo
379 2230 558 2311 praeterire.
582 2229 643 2310 Qui
659 2247 729 2294 cum
745 2229 854 2293 multis
869 2228 989 2294 insidiis
1004 2230 1206 2312 premeretur,
1227 2231 1265 2295 ut
1280 2229 1393 2295 catho-

262 2332 357 2399 licam
380 2334 541 2399 amitteret
571 2331 674 2411 fidem,
703 2334 770 2417 ipse
793 2350 864 2399 auru
886 2352 939 2397 rer
965 2337 1072 2417 postea
1098 2332 1285 2399 blandiendo
1309 2332 1393 2397 affa-

261 2437 346 2503 tibus
376 2437 586 2503 saecularibus
615 2436 785 2514 inuitabat,
818 2438 1004 2518 promittens
1034 2435 1143 2501 multis
1166 2455 1237 2500 eum
1264 2436 1390 2500 diuitiis

262 2539 494 2619 cumulandum,
517 2540 545 2605 si
567 2540 724 2605 uoluntati
745 2543 809 2607 cius
831 2538 975 2604 auditum
1002 2538 1129 2605 facilem
1151 2536 1426 2603 commodassetso

261 2643 322 2723 Qui
345 2662 415 2709 cunr
437 2643 527 2711 fortis
550 2644 642 2727 atque
665 2644 801 2709 inuictus
824 2645 973 2721 maneret,
996 2642 1084 2707 iubet
1099 2660 1170 2706 eum
1188 2639 1292 2705 subire
1314 2660 1391 2705 sen·

260 2747 394 2813 tentiam
417 2746 595 2828 capitalem,
625 2748 671 2813 ita
693 2749 799 2813 tamen
821 2745 953 2812 callidus
975 2746 1094 2811 occulte
1116 2744 1319 2828 praecipiens,
1351 2748 1391 2808 ut

260 2853 287 2915 si
302 2851 341 2915 'in
356 2851 413 2916 illa
426 2850 503 2915 hora
517 2850 672 2916 uibrantia
694 2850 792 2933 gladii
815 2851 1047 2933 pertimesceret
1068 2850 1177 2927 ictum,
1200 2849 1299 2931 magis
1314 2865 1389 2911 eum

260 2953 421 3027 occideret,
445 2971 483 3017 ne
505 2958 677 3036 martyrem
699 2952 869 3035 gloriosum
891 2952 1032 3035 fecisset3
1055 2952 1084 3016 si
1097 2954 1204 3016 autem
1225 2948 1338 3014 fortem
1353 2951 1390 3013 in

190 3074 194 3083 ·
261 3057 449 3123 confessione
472 3058 669 3140 conspiceret,
703 3058 848 3143 agladio
876 3058 1073 3139 temperaret.
1117 3054 1178 3120 Sed
1199 3054 1253 3118 ille
1274 3053 1311 3117 ut
1332 3071 1425 3117 cos

313 3330 429 3399 ldeop
531 3328 696 3385 treuelauit
721 3328 759 3383 W
856 3328 926 3382 dixit
946 3328 1025 3381 Mai>
1128 3326 1317 3397 5sepiliamb

259 3418 374 3486 dquam
392 3416 455 3487 alid
558 3416 610 3486 cui]
629 3414 739 3470 cuiusb
837 3415 981 3485 armogast’
999 3412 1057 3481 (sed
1074 3416 1082 3435 '
1099 3430 1173 3468 maa.
1191 3430 1243 3468 rec.
1261 3414 1341 3479 add.)
1364 3415 1390 3467 Ρ

259 3507 424 3571 armogastes
442 3504 508 3559 Mac
593 3503 610 3556 7
628 3501 803 3556 constristare
814 3502 852 3554 B'
878 3500 1033 3555 conflictari
1045 3516 1064 3553 c
1148 3500 1166 3554 8
1184 3516 1212 3553 ss
1223 3516 1279 3553 esse
1296 3501 1315 3568 β

259 3590 290 3644 11
319 3589 381 3659 Qui]
409 3590 452 3643 cui
479 3588 563 3643 0th
695 3587 816 3641 intextae
845 3586 945 3643 WscL
1076 3586 1205 3641 solidatas
1232 3585 1317 3640 Pb¹R

261 3676 294 3729 12
312 3675 428 3730 iacerent
445 3676 490 3729 aL
587 3676 615 3728 et
632 3688 682 3729 om.
701 3686 718 3728 c
816 3672 905 3726 labore
920 3671 1013 3742 Wch
1111 3676 1254 3741 augeretur
1272 3672 1316 3739 Lo

259 3762 292 3817 14
309 3766 431 3817 mucntm
454 3758 560 3817 VOPR
674 3760 842 3829 sartofcgnm
860 3758 1058 3828 BV(Sclucct.
1075 3758 1099 3824 1,
1117 3760 1181 3824 1or;
1199 3758 1252 3824 111,
1270 3759 1315 3825 83)

258 3848 458 3918 spendidissimi
485 3848 508 3903 Ο
611 3848 643 3901 15
669 3846 748 3915 quale
773 3845 812 3899 Μ
911 3844 945 3898 16
967 3844 1039 3897 neo
1139 3844 1274 3914 quandam
1298 3845 1317 3912 β

257 3934 434 3991 archiaminiu
451 3932 488 3989 W
508 3932 695 3988 archimininm
713 3932 776 3987 ML
800 3930 979 3985 archinimum
998 3932 1015 4000 β
1112 3930 1303 4000 mausculanp
1327 3944 1382 3982 ma·

258 4022 408 4076 sculaums
495 4020 528 4075 18
545 4020 696 4075 comitteret
713 4020 740 4073 Β
768 4017 891 4072 comittet
907 4016 934 4072 V
957 4018 1074 4071 minnist
1095 4016 1118 4071 0
1142 4016 1318 4070 commutaret
1334 4014 1382 4069 dis

259 4108 397 4161 omitteret
413 4106 458 4161 aL
562 4106 595 4162 19
612 4105 786 4177 promittitd
890 4120 951 4159 enm
968 4102 1062 4157 multis
1080 4102 1152 4158 Meo
1186 4127 1189 4131 ⁸
1253 4102 1291 4156 20
1305 4100 1381 4155 audi·

258 4193 349 4247 tamt
442 4190 520 4247 fatile
535 4190 583 4247 W¹
682 4191 714 4244 21
733 4190 852 4245 inuictus
870 4189 1004 4258 infideli
1100 4188 1154 4243 sibi
1171 4188 1261 4242 moire
1275 4188 1314 4244 W

258 4280 390 4337 renuntia
407 4280 423 4334 o
513 4278 547 4331 22
564 4275 677 4333 callidus
694 4292 743 4332 orn.
763 4293 781 4330 c
869 4274 905 4330 24
919 4280 1037 4346 martyre
1053 4275 1070 4329 l>
1158 4274 1194 4329 25
1210 4286 1227 4328 a
1243 4288 1293 4329 cac
1308 4273 1347 4329 W
