2992 4967
623 344 737 416 Magni
755 345 882 404 Felicis
899 342 1032 400 llnnodi

793 533 864 598 XV.

618 665 820 726 mannen
846 667 1037 726 ENNODIVS.

310 793 459 862 Omlestis
483 792 714 876 dispensatione
737 790 882 878 mysterii
914 809 976 857 uno
1005 793 1145 876 tempore
1166 790 1245 857 mibi
1265 789 1393 868 sororis,

267 896 417 980 Lupicino
439 897 561 964 refusus
576 899 623 962 est
645 894 911 978 mandassemus,
934 897 967 959 st
987 894 1130 980 geminae
1152 892 1262 978 copula
1282 910 1394 960 neees-

270 999 417 1068 situdinis
432 999 682 1084 peregrinantem
696 997 835 1083 reoipero
844 997 961 1064 meruit
975 998 1046 1080 post
1058 993 1392 1081 interuallepietatem.
1415 1019 1427 1056 s

271 1103 411 1170 reuixisti
433 1104 516 1187 apud
538 1119 595 1168 nos
617 1105 688 1184 post
710 1100 888 1168 dilectionis
910 1119 1003 1186 quom
1024 1117 1249 1184 procuraueras
1270 1098 1393 1165 obitum

269 1203 415 1274 beneficio
438 1207 631 1274 litterarum:
653 1204 791 1272 uidimus
804 1223 944 1270 umorem
966 1206 1053 1286 quasi
1076 1205 1115 1270 de
1136 1203 1271 1286 quadam
1286 1200 1393 1286 sepul·

267 1316 340 1378 tura
354 1314 544 1396 surgentem.
566 1309 761 1396 inauspicato
782 1308 872 1376 nobis
887 1307 1111 1376 incolumitatis
1126 1309 1247 1374 uestrae
1262 1306 1394 1374 nuntius

268 1415 398 1482 necessit
420 1413 546 1498 cuditu,
569 1433 663 1498 quam
685 1414 886 1480 credebamus
906 1431 963 1497 per
984 1414 1198 1496 contemptum
1219 1412 1318 1476 nostri
1340 1410 1392 1474 ui-

268 1521 395 1586 uentem
416 1519 509 1584 busta
527 1517 693 1602 conplosso.
716 1518 871 1584 oredimus
892 1517 924 1582 te
945 1517 1024 1582 dura
1037 1533 1222 1600 perpessum,
1245 1513 1300 1580 sed
1315 1531 1428 1579 con-r·

267 1623 393 1688 litamur
420 1622 576 1706 irrogasse
604 1620 782 1687 durissima
818 1621 901 1704 quod
922 1619 1101 1686 sustinuisti
1134 1636 1297 1686 commune
1318 1635 1392 1682 cum

267 1726 355 1792 bonis
379 1727 438 1802 est,
460 1741 532 1792 cnm
556 1723 732 1790 crudelibus
756 1722 839 1806 quod
860 1722 972 1788 fecisti.
1011 1722 1141 1788 ubinam
1162 1723 1307 1806 gentium
1321 1739 1392 1785 ma·

268 1833 359 1895 terna
373 1826 521 1894 haetenus
536 1845 611 1892 cura
625 1825 775 1893 delituit?
789 1826 844 1890 nbi
858 1827 942 1908 quod
955 1825 1047 1891 fratri
1062 1824 1233 1892 debebatur
1251 1823 1392 1890 errauit?

267 1932 307 1996 ad
329 1928 472 2014 longiora
498 1928 621 1996 animus
643 1929 716 1994 tuus
746 1946 841 2010 quam
869 1945 977 2012 eorpm
1005 1929 1203 1994 abscesserat.
1240 1928 1268 1991 si
1296 1927 1330 1992 te
1351 1925 1392 1990 ad

267 2033 381 2099 ultima
403 2035 558 2098 terrarum
573 2031 703 2098 confinia
716 2029 960 2116 peregrinationi
974 2029 1058 2096 socia
1080 2028 1262 2115 dispulisset
1280 2029 1426 2095 adum-rs

271 2136 359 2214 sitas,
381 2135 458 2202 illue
471 2135 558 2220 sequi
573 2133 681 2200 debuit
694 2151 860 2219 germanae
880 2132 956 2198 fides
971 2133 1003 2197 et
1016 2130 1194 2199 sollicitudo
1208 2133 1391 2218 genetricis

267 2238 377 2305 sedin
400 2255 509 2306 occasu
532 2239 614 2320 solis,
637 2237 687 2304 eui
708 2236 848 2320 proxima
877 2235 1149 2316 senseramus,
1172 2235 1323 2320 frigidum
1345 2237 1392 2320 pii

266 2340 379 2409 amoris
401 2343 514 2424 pectus
537 2337 685 2406 habuisti.
723 2339 848 2406 imitata
875 2338 986 2404 fuisses
1014 2338 1145 2405 aetherii
1175 2341 1287 2406 sideris
1309 2340 1393 2405 circa

268 2442 405 2510 debitam
428 2442 625 2528 diligentiam
640 2442 798 2508 delectum
813 2441 945 2508 feliciter
960 2443 1171 2508 renascentem
1192 2444 1225 2508 et
1239 2442 1389 2508 feriatum

267 2545 410 2630 agretia
437 2562 499 2610 uon
526 2549 674 2628 perpetuo
696 2545 834 2610 animum
864 2546 1018 2627 gessisses.
1063 2545 1227 2626 suscepisti
1250 2547 1425 2609 mentem»

266 2647 525 2730 prouincialium,
563 2665 638 2730 quos
660 2646 773 2714 adistis
809 2645 941 2714 mutasti
962 2648 1123 2730 regionem
1144 2651 1175 2713 et
1196 2647 1392 2732 propositum

265 2751 391 2836 pietatis
412 2749 571 2817 abdicasti.
611 2768 685 2816 nam
713 2751 858 2816 abiurans
880 2746 994 2814 Italiae
1023 2750 1291 2826 communionem,
1330 2768 1392 2816 non

266 2855 369 2920 solum
393 2854 476 2920 circa
497 2853 620 2928 amicos,
642 2852 696 2918 scd
712 2852 806 2917 etiam
824 2851 908 2917 circa
921 2851 1047 2918 interna
1065 2854 1198 2938 pignora
1211 2852 1390 2936 reppulisti.

317 3059 375 3114 XV.
408 3060 427 3113 4
450 3059 559 3110 effoetus
585 3056 610 3110 T
719 3056 735 3108 5
762 3054 921 3109 intareuulla
947 3055 975 3109 Β
1085 3056 1102 3109 6
1128 3054 1205 3109 obitu
1223 3055 1251 3109 Β
1266 3071 1356 3125 supra
1371 3073 1392 3110 u

265 3160 320 3200 ros.
414 3143 431 3197 8
449 3143 619 3210 insuspeeste
635 3141 663 3195 Β
756 3141 774 3195 9
791 3139 905 3196 adcessit
922 3140 950 3196 Β
1043 3145 1169 3196 nocturum
1186 3140 1278 3206 Sim,
1305 3143 1391 3196 uestri

265 3229 311 3284 Pb
397 3228 431 3284 10
448 3227 565 3298 coplcsso
586 3227 612 3282 T
701 3228 733 3282 ll
751 3227 910 3282 sustonuisti
929 3226 963 3293 Β,
980 3227 1135 3282 susdnmsti
1150 3229 1176 3282 V
1188 3228 1212 3282 ti
1223 3234 1250 3284 ct
1258 3230 1391 3298 promissa

263 3313 369 3384 syllaba
380 3330 438 3369 eom
447 3315 482 3367 aba
492 3328 547 3368 ros.
637 3317 682 3368 cde
693 3313 762 3370 Tios
771 3330 827 3368 ras.
923 3313 956 3367 13
970 3315 1093 3368 santonus
1106 3313 1140 3380 L,
1158 3313 1282 3368 boetium
1295 3315 1323 3369 Β

264 3399 387 3470 deliltuit
405 3399 432 3456 L
449 3399 470 3454 li
489 3415 523 3453 cc
540 3399 565 3454 lc
582 3413 652 3454 corr.
670 3415 704 3454 m.
716 3416 769 3454 ree
857 3399 889 3453 14
906 3399 1056 3454 abcesserat
1076 3400 1102 3453 Τ
1186 3400 1220 3455 15
1236 3403 1390 3471 peregrine·

263 3487 347 3544 denis
365 3487 423 3542 ocis
440 3487 508 3556 (otis
528 3483 562 3552 Τ)
579 3483 673 3540 LTV¹
775 3485 928 3556 dispolismt
945 3484 973 3541 Β
1077 3484 1108 3539 16
1126 3485 1192 3540 illuc
1210 3484 1238 3540 P
1254 3491 1281 3541 ct
1299 3483 1393 3552 Sem,

263 3569 454 3628 illicBLl'Vb
533 3569 673 3639 genitricis
689 3571 714 3625 Τ
798 3569 829 3624 17
842 3575 936 3628 oecdsu
949 3571 987 3626 Β
1070 3570 1114 3639 pio
1126 3569 1154 3626 Β
1240 3573 1274 3626 18
1285 3589 1389 3629 umores

263 3693 290 3746 n
381 3689 515 3778 mamus
533 3692 559 3746 n
644 3688 1027 3760 emmerammenses,
1056 3664 1189 3748 esdr
1280 3693 1316 3747 no
1333 3695 1392 3748 snr-

263 3813 906 3886 mumom.ioatecetaedd.inmp.l⁷oe1
1008 3816 1170 3885 μιίικΒ
1273 3779 1392 3883 mcep'u

263 3899 290 3954 Β
395 3899 425 3954 21
446 3900 651 3969 prsuiutialium
674 3900 701 3956 V
794 3901 1282 3971 mansuetissimam
1303 3899 1392 3955 Vced

263 3988 342 4078 ebff
361 4021 425 4079 cdd.
443 4037 477 4076 m.
495 4027 526 4087 1,
553 4019 699 4095 abdicasset
721 4019 750 4078 Β
851 4039 915 4078 nem
937 4026 965 4089 (a
982 4039 1015 4078 ec
1031 4041 1050 4078 n
1067 4027 1146 4090 oorr.)
1168 4021 1200 4089 V,
1226 4027 1263 4076 ull
1285 4023 1319 4076 ios
1340 4037 1390 4088 resp.

262 4107 327 4163 add,
344 4107 381 4174 Β,
408 4121 460 4161 non
479 4105 525 4161 Pb
622 4124 675 4163 non
693 4125 714 4165 s.
732 4126 754 4168 e.
773 4125 796 4166 a
815 4126 836 4165 s
853 4109 937 4164 etiam
961 4104 1030 4164 Vin
1047 4125 1102 4165 ros.
1121 4113 1189 4164 oc.1
1285 4107 1390 4164 italiam

263 4199 313 4248 out
330 4207 419 4248 euram
431 4193 502 4248 ciros
518 4193 693 4249 secedendum
704 4193 819 4250 uiduae
916 4193 950 4250 23
963 4198 1047 4266 prices
1059 4195 1128 4252 eirca
1144 4195 1169 4250 T
1183 4210 1203 4249 o.
1217 4193 1235 4249 1.
1247 4210 1282 4251 oe.
1295 4194 1322 4262 2,
1341 4191 1388 4248 eit.

263 4279 331 4333 cirm
352 4279 412 4334 Vs.
430 4279 448 4334 l.
465 4285 528 4334 cal
632 4282 758 4350 repulisti
778 4283 804 4337 1'
