2992 4967
311 354 354 423 28
713 348 866 405 Uictoris
883 348 1043 405 Uiteusis

313 560 376 609 non
402 558 499 623 posse,
536 540 635 625 magis
664 539 819 610 uiolenter
846 541 948 609 iussus
975 541 1024 614 est
1051 558 1190 624 pergere
1229 539 1293 605 Sed
1319 537 1371 603 ubi
1393 540 1426 603 ad
1474 509 1476 544 ¹

313 646 415 711 locum
446 647 576 710 uentum
604 648 651 714 est
679 647 710 709 et
738 644 921 725 praesertim
943 662 1000 727 pro
1022 662 1058 709 eo
1080 644 1195 709 orando
1218 643 1428 727 mgemuerune

314 766 430 826 omues,
454 748 571 830 pietate
595 745 703 812 diuina
724 747 783 814 iile
803 747 893 813 arida
912 746 1076 813 incolomis
1092 745 1282 813 confessoris
1296 748 1430 811 restitute

314 852 363 915 est
384 868 505 915 manus.
529 850 612 915 Hinc
633 851 698 916 iam
712 849 857 923 Huuirioi
871 850 1044 931 persecutio
1059 850 1176 915 doloris
1189 851 1289 932 atque
1303 849 1429 931 parturi·

314 952 408 1019 tionis
430 956 553 1017 nostrae
576 953 709 1035 sumpsit
729 951 869 1021 initium.
1447 981 1454 1015 r

264 1073 304 1139 12
358 1070 414 1155 (11,
433 1072 465 1155 b)
491 1072 561 1155 Ipse
577 1074 691 1147 antem,
708 1072 762 1154 qui
776 1090 844 1137 sese
858 1073 1041 1139 iamdudum
1055 1076 1200 1140 omuibus
1213 1074 1324 1138 lenem
1340 1076 1432 1135 eamn

315 1176 413 1253 derat,
449 1174 627 1241 desiderans
649 1177 719 1257 pest
740 1174 861 1241 obitum
883 1194 974 1241 suum
995 1176 1080 1251 filiis,
1111 1178 1192 1259 quod
1213 1194 1281 1242 non
1302 1176 1433 1255 contigit

315 1298 444 1363 regnum
465 1279 612 1356 statuere,
636 1278 860 1343 Theodericum
883 1278 1015 1344 fratrem
1031 1280 1174 1362 filiosque
1188 1280 1259 1345 eius
1275 1275 1433 1342 Geutunis·

315 1399 373 1463 que
395 1380 500 1445 fratris
523 1380 727 1446 nihilominus
749 1382 829 1448 filios
847 1382 1017 1448 crudeliter
1031 1382 1133 1464 coepit
1147 1382 1284 1464 insequi.
1308 1380 1433 1459 Quorum

314 1486 437 1551 nulium
474 1484 669 1563 dimitteret,
707 1484 767 1549 nisi
801 1485 828 1549 ei
862 1502 945 1549 mors
978 1485 1123 1549 desiderii
1159 1484 1209 1549 sui
1243 1483 1455 1549 uoluntatemn

315 1588 460 1653 auferret.
498 1587 605 1652 Primo
638 1588 737 1653 eciem
771 1606 898 1653 uxorem
933 1587 1114 1655 Theoderici
1147 1587 1259 1653 fratris
1294 1587 1431 1658 astutam

316 1691 406 1755 eredo
433 1708 472 1755 ne
500 1690 580 1755 forte
608 1692 759 1756 meritum
786 1694 840 1755 aut
860 1692 1009 1754 maiorem
1030 1688 1141 1770 hlium,
1175 1689 1231 1770 qui
1252 1687 1432 1771 prudenset

314 1793 438 1875 sapiens
459 1792 635 1873 uidebatur,
671 1792 810 1857 consiliis
832 1792 1005 1857 acrioribus
1026 1792 1175 1857 aduersus
1197 1795 1372 1875 tyrannum
1390 1808 1431 1854 ar·

265 1896 443 1975 13maseet‚
478 1896 608 1961 crimine
639 1896 781 1979 adposite
814 1895 918 1977 glseie
949 1912 1021 1960 eam
1052 1894 1196 1977 intercipi
1228 1894 1332 1959 iubet.
1366 1892 1431 1955 Post

315 2001 466 2067 occiditur
488 2002 521 2063 et
542 1997 599 2064 ille
625 1998 709 2064 filius
730 1998 853 2081 magnis
874 1997 990 2063 litteris
1005 1997 1180 2077 institutus,
1204 1997 1257 2064 cui
1271 1997 1452 2062 ecemdme

315 2102 571 2171 constitutionem
587 2100 744 2180 Geiserioi,
769 2118 804 2165 eo
818 2101 902 2183 quod
918 2101 1017 2165 maior
1030 2099 1176 2166 omnibus
1191 2106 1288 2178 esset,
1312 2114 1429 2179 regnum

314 2206 397 2271 inter
411 2207 537 2286 nepotes
552 2203 750 2286 potissimum
766 2204 943 2269 debebatur.
960 2204 1151 2269 Accenditur
1164 2203 1271 2269 adhuc
1286 2199 1429 2267 crudelius

313 2308 433 2389 aliquid
473 2308 658 2389 perpetrare.
698 2308 855 2371 Adstante
888 2307 984 2390 uulgo
1016 2306 1050 2371 in
1086 2305 1189 2371 media
1222 2305 1355 2371 deitate
1383 2316 1427 2381 pro

314 2412 460 2496 gradibus
482 2410 604 2493 plateae
626 2428 724 2475 nouae
746 2410 924 2492 episcopum
947 2428 1022 2474 suae
1043 2408 1214 2493 religionis,
1236 2408 1365 2473 nomine
1385 2402 1428 2466 iu·
1474 2487 1475 2494 ἵ

314 2514 473 2592 cundum,
503 2531 596 2595 quem
629 2513 841 2596 patriercham
873 2513 1075 2591 nectebant,
1107 2512 1268 2594 praecepit
1300 2505 1449 2575 incendio·

315 2615 513 2694 concremari,
542 2616 580 2681 ob
609 2616 668 2680 hoc
696 2617 779 2697 quod
805 2616 840 2680 in
866 2618 957 2681 domo
979 2615 1162 2680 Theoderici
1190 2613 1335 2697 germani
1358 2607 1428 2691 rugit
1474 2661 1475 2680 r

314 2719 548 2801 acceptissimus
564 2718 752 2795 usmetun
775 2719 865 2784 cuius
879 2718 960 2783 terte
975 2717 1126 2801 susoagie
1140 2719 1317 2783 memorata
1330 2714 1425 2778 domus
1474 2709 1475 2734 i

313 2840 445 2905 regnum
477 2822 597 2903 poterat
630 2820 778 2903 optinere
812 2822 852 2885 In
880 2839 940 2902 quo
963 2820 1133 2904 impietatis
1160 2820 1278 2886 scelere
1299 2820 1425 2885 futurum

314 2923 405 2989 nobis
439 2925 543 2988 adesse
577 2926 788 3007 prospeximus
820 2924 962 3001 malum,
1002 2926 1119 2989 aientes
1151 2924 1291 2989 inuicem
1324 2913 1426 3001 mugili

315 3024 419 3091 uobis:
456 3022 573 3109 ‘quiin
597 3044 652 3092 suo
674 3030 719 3092 ita
740 3028 873 3092 erudelis
896 3028 1024 3092 effectus
1047 3032 1096 3093 eut
1115 3027 1288 3105 saemdcte‚
1317 3018 1448 3106 ‹prreudwi

366 3248 541 3303 erueremus
558 3250 601 3318 ap
703 3248 864 3303 eneruem
882 3249 928 3302 ne
957 3248 1055 3306 unaue
1071 3248 1121 3303 oc
1148 3214 1247 3302 inme
1269 3246 1335 3304 wa
1356 3243 1423 3296 rme
1474 3317 1475 3328 Ν

314 3334 614 3390 messanensem
717 3336 847 3404 cepaea
950 3336 1046 3404 unam]
1065 3336 1165 3404 mete
1268 3326 1424 3395 rueme*

315 3422 371 3478 PR
472 3421 689 3476 8thcodericum
706 3422 794 3476 MeP:
817 3422 982 3476 tendericum
1008 3422 1039 3475 W
1062 3421 1229 3475 tendericum
1247 3420 1346 3475 Boea
1360 3414 1424 3468 thee
1474 3447 1475 3458 r

313 3507 521 3564 cousumptos
624 3508 690 3577 erup
708 3507 804 3561 rnen
822 3508 878 3561 erus
895 3525 915 3561 a
1016 3508 1128 3563 earm
1145 3506 1269 3564 nemum
1290 3502 1368 3563 reso
1474 3467 1475 3524 i

316 3595 349 3649 10
366 3594 400 3663 ei]
418 3596 446 3647 et
464 3610 482 3647 c
596 3595 627 3647 11
646 3594 773 3651 auferret
793 3594 832 3649 Ob
939 3594 1087 3651 theoderici
1102 3594 1144 3649 P:
1170 3592 1296 3648 teoderici
1318 3588 1354 3643 W
1374 3590 1476 3660 tud-1¹

313 3679 396 3735 dorici
415 3678 514 3735 BVca
539 3680 684 3739 theoderici
701 3681 825 3737 mrem
930 3682 962 3737 12
978 3682 1049 3735 ferte
1067 3680 1145 3735 aride
1162 3681 1200 3736 W
1301 3667 1420 3735 maiorem]

314 3780 413 3821 marem
432 3766 459 3821 P
554 3766 652 3834 quiet
756 3767 968 3836 reimponere
1064 3766 1180 3823 interfici
1198 3766 1265 3821 Mea
1355 3755 1422 3813 iuuit

317 3852 341 3907 c
442 3854 686 3923 sumagnensis
789 3856 823 3909 1e
846 3858 916 3912 esee
937 3854 1062 3911 omuibus
1079 3871 1098 3907 a
1201 3852 1233 3906 rr
1256 3815 1476 3942 possumne!

314 3937 450 3994 acceditur
467 3938 495 3991 P
586 3939 620 3993 18
636 3942 741 3996 munte
759 3957 778 3992 c
802 3944 926 4001 nectente
943 3941 991 3996 Pt
1078 3939 1165 3998 medio
1183 3940 1211 3995 P
1300 3938 1332 3990 19
1346 3930 1421 4002 plut·e

316 4024 342 4079 P
425 4024 507 4077 enat
592 4024 738 4085 iucundum
754 4026 861 4084 BRF:
880 4025 1007 4081 nemeae
1023 4024 1239 4089 iocundumrett
1332 4021 1360 4076 tl
1375 4025 1418 4069 ct*

314 4110 421 4177 merim
523 4109 752 4170 medericum:
783 4111 911 4174 teudedci
929 4111 1050 4169 BVOW
1075 4110 1227 4168 theudorici
1243 4126 1263 4164 a
1290 4095 1416 4163 thebuti

315 4195 360 4264 pL
452 4196 486 4251 23
498 4195 618 4252 obtinere
629 4196 698 4253 Mod
793 4198 1048 4267 hipereperimusp
1132 4197 1234 4253 aientes
1250 4184 1417 4251 W‘citffl

313 4282 442 4349 agrantes
464 4282 513 4337 W¹
541 4284 650 4351 ugentes
667 4284 727 4339 reti.
831 4284 864 4338 25
882 4285 964 4338 suat
