2992 4967
522 354 611 410 liber
628 356 666 423 11,
689 358 797 413 17-21.
1181 362 1221 429 31

95 544 193 610 istam
226 542 315 628 nobis
346 544 560 627 praesentibus
594 546 702 611 sancto
731 546 855 611 rettulit
888 547 1035 631 Eugenio.
1079 548 1169 615 Uidit
1191 552 1223 614 et

94 646 226 731 quidam
248 647 408 731 presbyter
430 648 529 729 ipsam
544 646 652 712 Fausti
667 647 814 712 refertam
830 648 931 714 turbis
946 651 1223 716 innumerabilium

93 751 280 833 populorum
303 752 426 831 etpost
448 750 610 831 paululum
633 754 816 816 euacuatam
839 756 871 817 et
885 754 1039 835 repletam
1060 770 1222 835 porcorum

93 854 301 919 multitudine
323 854 417 935 atqua
439 872 607 936 caprarum.
632 853 713 917 Itsm
736 853 816 918 alius
840 855 921 920 uidit
939 873 1044 920 arsam
1066 857 1273 925 triticeaml9

69 958 297 1023 suentilationi
318 961 469 1041 paratam,
493 958 599 1040 granis
622 956 722 1023 adbuc
746 958 943 1024 uentilatoris
958 957 1072 1024 iudicio
1086 962 1220 1027 necdum

92 1080 115 1126 a
142 1059 234 1142 palea
266 1062 424 1143 separatis.
471 1060 510 1125 itt
537 1064 610 1128 dum
638 1060 774 1145 ingentis
800 1078 932 1141 massae,
959 1062 1035 1127 lieet
1062 1064 1217 1134 confusae.
1246 1105 1281 1113 ··

93 1164 346 1247 magnitudinem
368 1164 545 1241 miraretur,
570 1163 672 1230 subito
688 1182 759 1229 eece
774 1163 867 1230 turbo
882 1165 1007 1230 ueniens
1022 1167 1220 1248 tempestatis

91 1268 245 1350 soniuago
267 1266 343 1331 flatu
365 1269 466 1351 coepit
488 1266 658 1332 aduentum
680 1286 772 1333 suum
787 1273 933 1353 surgente
948 1259 1077 1349 puluere
1092 1270 1220 1335 demon·

91 1374 209 1447 strars;
234 1372 321 1436 ouius
338 1370 456 1452 impetu
478 1370 570 1454 palea
591 1369 648 1435 illa
666 1371 767 1435 omnis
783 1370 909 1436 omnino
923 1372 1042 1437 nolanit
1056 1391 1219 1438 remansu-

52 1475 179 1540 retibus
202 1474 318 1557 granis.
342 1472 418 1537 Post
440 1473 516 1538 haec
531 1473 619 1539 uenit
634 1474 762 1555 quidam
777 1492 920 1557 procerus
944 1474 1104 1558 splendido
1126 1476 1218 1541 uultu

89 1577 264 1660 habituque
301 1576 400 1642 nitido
434 1576 569 1659 fulgens,
605 1577 637 1641 et
669 1576 770 1660 eoepit
802 1570 910 1659 grana'
930 1596 1028 1643 uacua
1049 1578 1218 1645 macilenta

89 1684 186 1765 atque
198 1680 377 1764 simulagini
393 1678 522 1761 reproba
536 1682 694 1761 purgando
706 1680 852 1761 proicere.
868 1678 953 1758 Quae
968 1681 1022 1745 diu
1037 1680 1216 1747 examinans

89 1786 145 1851 uix
167 1784 412 1868 magnitudinem
436 1782 523 1847 illius
547 1800 684 1859 massae,
713 1782 789 1849 licet
810 1784 974 1867 probatae,
1006 1784 1046 1848 ad
1068 1802 1216 1849 aceruum

87 1892 198 1954 tamen
220 1886 362 1969 perduxit
384 1888 537 1969 exiguum.
560 1888 641 1951 Item
663 1886 743 1951 alius
767 1887 827 1952 ait:
859 1886 969 1953 Stabat
986 1886 1113 1969 quidam
1127 1893 1270 1970 prae-20

51 1992 190 2058 racelsus
213 2009 304 2073 super
326 1990 476 2068 montem,
500 1989 553 2072 qui
577 1990 737 2074 Ziquensis
755 1990 877 2069 dicitur,
894 1992 926 2055 et
940 1990 1098 2058 clamabat
1108 1991 1226 2056 dextra·

87 2096 255 2176 laeuaque:
290 2094 438 2177 migrate,
472 2092 615 2176 migrate.
659 2094 750 2159 Alius
779 2094 930 2176 conspicit
959 2094 1103 2179 rugiente
1131 2095 1214 2161 caelo

86 2204 183 2281 atque
197 2198 322 2263 turbato
344 2196 527 2279 sulphureas
544 2200 649 2274 nubes,
666 2216 743 2279 quae
758 2198 901 2281 ingentes
917 2200 1083 2281 coeperunt
1096 2197 1215 2281 lapides
1271 2231 1277 2239 ·

86 2302 232 2369 iaculari:
255 2300 308 2383 qni
331 2301 449 2382 lapides
472 2304 546 2366 dum
570 2301 748 2366 cecidissent
769 2302 803 2366 iu
824 2304 952 2382 terram,
975 2301 1214 2382 praesecanda

85 2407 203 2471 bantur
226 2406 257 2469 st
279 2402 447 2469 maioribus
466 2405 599 2469 flammis
615 2403 775 2482 ardebant,
792 2408 885 2486 atque
899 2404 1054 2467 intrantes
1070 2404 1104 2467 in
1118 2422 1214 2485 peue-

48 2507 180 2574 stratio
204 2510 366 2573 domorum
389 2525 464 2589 quos
487 2508 669 2573 inuenerant
683 2507 898 2573 incendebant.
922 2505 983 2587 Qui
999 2509 1104 2571 autem
1119 2506 1212 2585 uidit,

85 2612 144 2691 ait,
169 2628 239 2675 cum
263 2629 297 2675 se
312 2611 345 2675 in
360 2613 490 2693 quodem
504 2611 644 2677 cubiculo
659 2606 881 2688 abscondisset,
896 2608 1095 2673 miseratione
1107 2609 1213 2675 diuina

82 2716 125 2782 ad
149 2732 219 2779 eum
242 2714 368 2778 flamma
383 2730 441 2777 non
458 2714 560 2794 potuit
576 2712 752 2796 peruenire;
768 2730 836 2777 roor
850 2714 886 2776 nt
901 2711 981 2777 illud
996 2712 1211 2794 propheticum

83 2816 296 2900 conpleretur:
327 2816 462 2881 claude
483 2817 625 2881 ostium
646 2817 757 2883 tuum
773 2820 812 2881 et
827 2813 1210 2896 abscondetopusii·

83 2922 165 2986 lum
193 2918 508 3001 aliquantulum,
541 2920 659 2986 donec
686 2922 866 2986 transeat
887 2920 945 2983 ira
967 2916 1038 2983 dei.
1067 2917 1157 2983 Uidit
1179 2920 1259 2987 etat

45 3041 73 3085 se
82 3022 269 3089 uenerabilis
299 3022 415 3085 Paulus
447 3022 605 3105 episcopus
635 3024 776 3089 arborem
799 3043 896 3106 usque
920 3023 959 3087 ad
982 3020 1084 3087 caelos
1113 3024 1209 3087 ramis

187 3206 437 3275 mmmm

135 3377 337 3448 lpersentibus
355 3379 383 3433 P
482 3380 591 3435 raetnlit
613 3380 663 3436 Vc
695 3380 792 3434 retulit
814 3380 972 3435 WMsuPb
1078 3379 1207 3435 dmulti-

80 3500 204 3555 tudinem
224 3500 291 3555 BV¹
326 3500 504 3556 multitudine
521 3518 567 3571 por
585 3505 656 3572 (par-
677 3504 715 3570 R)
733 3505 858 3569 ceramo
978 3504 994 3557 5
1019 3466 1208 3557 uenuriiirii's

84 3608 125 3664 W
218 3604 543 3679 tmagnitudineBVCd
565 3608 752 3677 magnitudou
837 3606 988 3661 subitonus
1002 3625 1020 3661 a
1113 3604 1207 3660 8flato

80 3694 108 3747 b¹
212 3692 392 3747 monstraret
500 3692 820 3763 9impetu]impu1sua
923 3694 954 3747 11
974 3692 1137 3761 abituqmo

78 3780 119 3849 et]
138 3778 185 3847 qni
203 3794 254 3832 oo:
273 3794 323 3835 cm.
343 3780 360 3847 β
456 3780 488 3835 12
501 3780 660 3849 simuiagini
679 3782 720 3833 W:
739 3779 889 3849 similagini
900 3778 960 3834 reli.
1058 3778 1090 3833 13
1101 3778 1206 3848 magni-

78 3864 209 3934 tudiuad
303 3865 336 3919 15
354 3864 518 3934 tiquensisb
613 3866 719 3921 dextera
736 3866 817 3919 Mab¹
914 3865 945 3919 16
963 3866 1079 3920 wacon
1090 3866 1205 3934 migrate

78 3951 202 4007 alcestin
220 3950 247 4004 P
349 3952 485 4021 conspexit
501 3970 541 4009 uo
644 3952 675 4007 17
694 3956 775 4021 atque
793 3950 912 4020 turbato]
930 3967 961 4005 ac
977 3949 1135 4019 turbatust!

78 4037 281 4105 sulphumasV
372 4042 499 4107 ceperunt
520 4040 579 4095 ΥΟ·
676 4041 708 4095 18
726 4037 937 4093 ascendebantur
956 4040 983 4092 P
1077 4039 1109 4092 19
1128 4052 1203 4107 pene·

79 4124 169 4192 traiio]
197 4124 236 4178 sic
264 4123 332 4177 BV:
368 4126 513 4193 penetralia
539 4126 598 4182 rsit.
702 4126 735 4179 23
762 4124 879 4178 hostium
906 4122 971 4180 WR
1073 4122 1204 4178 absconde

76 4214 106 4263 te
123 4207 250 4277 pusillum
274 4210 470 4278 aliquantulum
495 4231 512 4264 α
536 4218 607 4267 recte
625 4209 816 4281 (ἀποκρύρηθι
832 4209 936 4283 μικρὸν
954 4207 1021 4263 ὅσον
1039 4207 1129 4278 ὃσον)τ
1156 4208 1203 4264 ab·

76 4295 173 4351 scoude
185 4297 212 4348 te
225 4296 324 4364 pusilli
342 4296 381 4351 W
402 4297 558 4352 abscondere
571 4298 769 4369 aliquantulum
789 4301 821 4367 βυ
915 4296 949 4350 24
967 4297 1132 4365 pertranseat
1150 4312 1168 4349 a
