2992 4967
279 346 341 412 194
631 342 745 411 Magni
764 341 891 398 Falinis
908 341 1038 397 Eunodi

278 531 379 601 mittit
406 531 467 598 sibi
494 532 532 597 de
554 532 736 615 pagisorum
768 533 1017 616 promulgatione
1043 532 1126 615 quod
1153 531 1294 609 exhibet,
1325 535 1401 615 quia

278 634 523 703 emendatissimi
536 634 676 701 homines
691 636 773 701 siout
794 636 938 719 derogari
951 635 1123 700 uirtutibus
1138 633 1203 700 suis
1218 634 1400 712 aestimant,

278 740 398 822 aliquos
427 737 459 803 in
489 738 669 823 diligentiae
692 738 870 804 testimonio
893 738 1033 821 praeuius
1059 737 1216 815 extitisse,
1242 737 1289 802 ita
1310 739 1402 823 igno·

278 842 407 907 minium
429 844 576 923 reputant
597 840 738 925 exempla
760 842 930 925 neglegere.
966 840 1044 906 uixit
1065 840 1146 906 inter
1166 843 1293 905 eanetos
1314 840 1400 905 uiros

278 947 340 1011 ieta
361 945 543 1025 eommunia
566 945 602 1010 ut
616 963 671 1026 per
692 945 797 1009 intimi
812 944 947 1009 hominis
969 944 1196 1026 prouidentiam
1211 942 1259 1007 nil
1273 942 1404 1008 uoueret
1420 968 1434 1009 e

277 1051 400 1115 terrene
422 1048 635 1130 sequestratio.
665 1065 721 1130 par
742 1048 800 1123 est,
823 1046 956 1124 domine,
978 1050 1016 1110 ut
1038 1049 1071 1111 et
1091 1049 1202 1112 uotum
1223 1065 1330 1112 meum
1350 1065 1401 1111 se·

279 1150 384 1233 queris
406 1154 438 1215 et
460 1150 601 1217 formam.
626 1167 700 1234 ergo
722 1150 862 1215 salutans
883 1149 1024 1232 prineipe
1044 1148 1122 1228 loeo,
1145 1153 1181 1213 ut
1196 1150 1259 1215 mei
1280 1168 1402 1214 memor

276 1255 329 1337 sis,
354 1255 509 1337 deprecor,
537 1255 573 1319 ut
596 1253 677 1336 quod
698 1252 779 1317 mibi
806 1271 862 1334 per
883 1252 1111 1336 neglegentiam
1137 1270 1242 1317 meam
1273 1251 1401 1317 subtra-

276 1359 364 1428 hitur
383 1358 511 1425 diuinum
531 1357 650 1441 gratim
665 1374 721 1437 per
742 1371 798 1420 uos
820 1354 971 1439 suffragio
994 1354 1180 1421 tonsoratur.
1202 1355 1306 1420 indito
1328 1373 1402 1439 ergo

277 1480 337 1527 nen
361 1461 527 1537 mentiens,
554 1463 644 1525 noete
673 1458 768 1523 tertia
791 1475 810 1522 a
830 1457 1020 1540 protentione
1046 1476 1119 1523 mea
1139 1458 1298 1542 ingratam
1319 1457 1437 1522 mihin

276 1566 417 1634 sanetum
448 1563 605 1629 dominam
626 1579 728 1627 meam
759 1558 929 1644 cynegiam
958 1562 1136 1644 apparuisse
1162 1562 1196 1625 in
1223 1561 1291 1642 ipso
1319 1559 1401 1625 lueis

277 1667 399 1733 exordio
421 1669 452 1730 et
470 1664 608 1729 multum
622 1662 661 1727 ab
684 1682 786 1729 earne
805 1664 843 1728 de
857 1662 980 1729 itineris
994 1665 1206 1747 properatione
1221 1664 1400 1747 eulpatum:

278 1789 340 1837 non
354 1770 413 1835 sub
426 1768 591 1833 uerborum
605 1766 735 1833 lenitate
750 1771 916 1850 conquestu
927 1770 985 1850 est,
1000 1786 1094 1849 quare
1107 1767 1203 1832 etiam
1218 1766 1315 1832 nullis
1331 1786 1402 1833 uer-

276 1874 362 1939 sibus
383 1872 557 1955 sopulerum
580 1870 644 1935 eius
666 1869 746 1934 esset
767 1868 961 1935 honoratum.
997 1870 1074 1935 baec
1102 1869 1230 1952 quidem
1252 1887 1308 1953 ego
1338 1888 1402 1935 non

275 1975 316 2041 ad
336 1975 505 2057 imaginem
526 1972 724 2057 propheticae
746 1973 890 2039 uerihtis
916 1973 1037 2055 aoeepi,
1058 1990 1116 2038 neo
1138 1973 1298 2038 nocturnis
1319 1973 1436 2041 fortes

275 2075 481 2144 inlusionibus
503 2078 604 2160 operis
626 2076 689 2141 mei
708 2075 819 2141 sudore
839 2075 940 2141 litaui.
975 2076 1029 2140 sed
1052 2075 1125 2157 quia
1146 2074 1237 2140 facile
1251 2075 1401 2140 suadetur

275 2178 463 2257 amantibus,
487 2178 626 2243 debitum
648 2195 724 2259 opus
746 2195 808 2242 non
830 2177 985 2244 laborauit
1006 2180 1125 2261 exigere
1142 2197 1220 2260 quae
1244 2177 1399 2243 monebat.

276 2284 365 2347 salua
386 2288 434 2347 est
456 2280 597 2346 dominae
619 2281 804 2346 reuerentia
838 2298 947 2346 uersus
969 2299 1044 2363 quoe
1067 2280 1164 2346 direxi
1179 2298 1235 2363 per
1250 2280 1334 2345 diem
1355 2283 1401 2346 iu·

275 2386 348 2450 dieii
362 2388 395 2449 te
416 2384 541 2450 eoniuro
558 2384 643 2449 utin
663 2386 781 2465 pariete
803 2403 898 2468 supra
916 2384 955 2450 ad
971 2386 1064 2465 pedes
1086 2384 1179 2450 seribi
1199 2403 1271 2449 mox
1293 2383 1401 2450 facim.

276 2488 402 2569 gratum
423 2487 546 2552 noueris
568 2487 601 2550 et
623 2486 687 2550 filio
709 2487 763 2552 tuo
785 2484 944 2551 futurum:
979 2488 1050 2551 uult
1071 2487 1156 2551 enim
1178 2487 1291 2552 merita
1313 2486 1436 2553 illius„

276 2590 447 2655 multorum
469 2606 521 2654 ore
543 2587 704 2667 celebrari,
726 2590 779 2654 sed
796 2591 830 2653 in
845 2606 880 2653 eo
902 2589 994 2654 modo
1017 2607 1077 2672 quo
1098 2589 1170 2654 illos
1191 2588 1243 2653 hin
1265 2590 1399 2654 iuuenis.

275 2694 421 2759 domnam
442 2710 546 2758 meam
561 2691 764 2775 Stephanium
785 2695 817 2755 et
831 2691 977 2756 domnam
993 2690 1169 2772 Sabianam,
1192 2691 1247 2755 sed
1262 2694 1294 2755 et
1309 2692 1400 2757 dom·

275 2814 347 2865 nam
370 2795 524 2861 Fadillam
546 2814 600 2877 pro
623 2813 672 2859 me
694 2789 805 2859 saluta.
835 2795 862 2859 si
885 2794 991 2875 seripti
1012 2793 1139 2873 fuerint,
1164 2810 1234 2858 mox
1255 2792 1399 2858 reseribe.

276 2901 388 2966 domno
409 2918 508 2983 papae
529 2898 655 2981 dignare
678 2898 789 2978 dinero,
811 2901 847 2962 ut
870 2896 988 2979 aliquid
998 2917 1053 2982 per
1068 2898 1212 2962 sanetum
1234 2897 1400 2961 diatonum

276 3002 459 3067 Diosoorum
472 3002 512 3065 de
526 3017 597 3066 mea
619 3018 712 3066 musa
726 2999 856 3065 ordinet.
884 3002 1036 3081 quantum
1051 3000 1084 3063 in
1100 2998 1296 3065 festinatione
1311 3017 1399 3063 uere·
1408 3025 1435 3067 re

276 3104 355 3169 darii
376 3104 471 3185 potui,
495 3102 614 3185 seripsi.
644 3104 792 3168 domnum
815 3104 846 3166 et
867 3100 999 3166 fretrem
1021 3100 1221 3167 Hormisdam
1244 3100 1322 3166 satis
1344 3120 1400 3184 pro

276 3225 326 3271 me
347 3207 457 3285 saluta,
481 3206 532 3270 oui
554 3204 648 3270 dieite
670 3208 705 3269 ut
728 3206 847 3269 olauem
869 3204 958 3271 illam
980 3205 1098 3271 mittat
1184 3279 1187 3285 ⁴

328 3393 342 3445 1
367 3390 474 3445 exhibet
491 3405 540 3455 oo.
558 3388 655 3453 Sim,
681 3388 768 3443 eribit
786 3388 834 3445 Bb
936 3388 954 3441 3
976 3389 1100 3457 praeuius
1123 3390 1152 3443 Β
1254 3390 1272 3443 4
1295 3389 1401 3459 neegle·

275 3492 338 3547 gere
356 3476 412 3532 Bo
513 3477 531 3530 6
549 3491 670 3545 regnares
687 3475 715 3530 Β
824 3475 842 3529 8
858 3491 942 3530 meam
960 3491 1010 3530 one.
1027 3474 1109 3529 Sim
1214 3475 1245 3529 11
1264 3480 1401 3529 enarretm

275 3564 309 3631 Β,
335 3579 386 3619 om.
404 3562 483 3618 Sinna
582 3562 717 3631 oynigirrm
734 3561 783 3616 Bb
881 3561 914 3615 12
930 3560 1039 3615 iteneris
1056 3560 1083 3614 Β
1182 3560 1214 3615 14
1232 3560 1402 3629 sepulchrum

276 3651 324 3705 Bb
427 3664 481 3705 non
499 3664 520 3703 s.
537 3664 564 3701 u.
580 3647 709 3701 laenitate
726 3650 925 3715 consequentem
944 3651 1005 3716 (orn.
1023 3649 1076 3715 eat)
1094 3646 1130 3713 Β,
1159 3662 1223 3715 exp.
1240 3647 1268 3700 Β
1284 3664 1320 3702 aa
1337 3664 1401 3716 rec,

275 3752 325 3791 om.
344 3736 373 3800 ὸς
399 3736 544 3803 conquesta
559 3736 603 3787 est
620 3733 767 3788 ammaus·
869 3735 902 3788 15
924 3733 1091 3802 prophetioae
1109 3732 1156 3801 (ph
1171 3734 1204 3786 o'oe
1220 3734 1286 3800 ros.)
1305 3733 1333 3788 B

244 3852 245 3857 κ
275 3820 368 3888 adeopi
385 3818 413 3874 Β
516 3818 547 3873 16
569 3820 662 3875 littaei
685 3821 713 3876 Β
816 3819 848 3873 17
872 3834 938 3888 quae
955 3820 1066 3888 amipai,
1092 3819 1180 3888 quib,
1206 3820 1286 3888 quim
1304 3820 1332 3873 Β

278 3906 310 3960 18
322 3904 428 3959 domine
441 3902 489 3958 Bb
581 3904 616 3958 20
627 3904 688 3958 uult
700 3908 753 3973 (pr.
766 3920 783 3956 u
795 3906 827 3957 ia
838 3908 906 3972 rae.)
918 3904 945 3957 Β
1034 3905 1067 3960 21
1080 3905 1215 3960 inuenitb
1305 3906 1340 3959 22
1352 3906 1402 3961 do·

276 3991 377 4044 minam
394 3998 437 4043 ter
453 3989 499 4043 Bb
602 3988 636 4043 23
653 3988 742 4042 saluta
760 3988 819 4042 Be.
829 3988 850 4044 l.
951 3988 986 4043 24
1002 3988 1108 4044 domino
1126 3991 1151 4056 b,
1177 3990 1287 4044 dom-no
1304 3991 1332 4046 Β

277 4081 397 4131 emotum
415 4076 554 4131 dieeonm
571 4076 725 4131 Dioeoorum
742 4076 853 4143 sompni,
880 4074 992 4130 ldiaeidi
1014 4075 1153 4131 hestorum
1174 4075 1298 4143 (idisoidi
1311 4078 1402 4145 poulo

277 4159 1072 4228 mberbmuueaeabaeueorruddieepaoouaeeo)
1089 4162 1130 4225 B,
1159 4162 1314 4216 ὃθοιιιιᾱίωἱ
1330 4160 1402 4216 flos-

276 4264 364 4303 eorum
382 4250 412 4313 b⁷
438 4251 561 4302 sanetum
579 4247 733 4300 Dioseurum
756 4245 839 4300 Sim.
943 4248 977 4303 26
998 4248 1138 4303 domenum
1161 4248 1182 4314 (i
1200 4251 1280 4317 erar.)
1303 4248 1331 4301 Β

276 4333 435 4389 hormisdam
454 4336 478 4401 (e
491 4338 589 4401 posteo
602 4330 678 4399 add.)
695 4332 721 4385 Β
824 4331 858 4385 27
877 4333 992 4389 salumn
1009 4351 1043 4389 eu
1060 4335 1147 4388 salute
1164 4334 1192 4387 Β
1204 4350 1238 4388 ιιι.
1251 4332 1331 4388 ren?

276 4420 417 4477 elanemtll
433 4418 461 4471 Β
