2992 4967
279 393 345 463 488
642 390 755 460 biegni
773 389 902 444 Felicis
920 387 1051 443 iiunodi

282 581 441 649 montibus
461 599 517 664 per
532 580 683 660 auditum,
706 579 785 646 dicit
806 579 950 646 omuibus
964 581 996 645 in
1011 579 1210 645 humanitate
1224 577 1418 663 degentibus
1488 651 1489 654 Ἴ

282 685 390 753 cibum
422 701 490 750 esse
525 700 720 748 communem
750 684 781 748 et
803 683 841 748 ab
870 701 932 748 uno
965 681 1090 767 flagitet
1123 683 1204 766 quod
1238 700 1302 747 non
1339 681 1421 747 licet

282 804 470 871 quemquem
491 803 619 870 negare,
642 786 832 871 generaliter
854 785 995 870 allegans
1018 783 1124 851 deberi
1146 787 1302 852 uniuersis
1329 785 1422 868 quio·

282 890 358 975 quid
379 893 463 955 terre
486 889 674 972 produxerit.
707 891 761 956 sed
789 889 911 973 quondo
933 887 967 953 in
990 905 1187 954 communem
1209 907 1302 954 nsum
1327 907 1421 974 seges
1489 945 1490 980 p

279 993 438 1059 triticeam
465 993 605 1059 subolem
632 995 664 1057 et
691 993 845 1076 liquorom
873 992 980 1057 uinete
1008 991 1181 1057 fundebant
1210 1009 1268 1057 neo
1290 990 1453 1058 uiritimr

282 1097 378 1164 tellus
401 1097 469 1162 erut
490 1095 657 1163 distributo
681 1096 865 1174 cultoribus,
890 1095 995 1161 nullus
1017 1096 1098 1160 inter
1119 1095 1222 1160 hostes
1240 1093 1348 1159 fliium
1375 1097 1422 1159 sie

282 1200 425 1285 reliquit,
454 1203 492 1266 ut
519 1200 696 1267 crederetur
730 1201 865 1286 gemitus
896 1199 1082 1283 praetulisse
1110 1197 1258 1266 seruitiis.
1295 1199 1421 1282 ignoro,
1490 1269 1491 1294 χ

282 1304 411 1387 iudices,
433 1304 597 1388 postquem
613 1303 742 1389 elegerit
753 1303 914 1381 deerimus,
931 1301 969 1368 de
985 1301 1155 1386 superstite
1170 1301 1245 1384 quid
1262 1303 1420 1385 requirat.

281 1407 337 1474 sed
358 1408 478 1474 motum
511 1407 600 1475 nobis
632 1407 713 1493 logis
747 1409 884 1475 obiectet
922 1411 955 1472 et
988 1408 1069 1489 quod
1098 1405 1181 1472 iuter
1207 1405 1356 1488 potentes
1388 1407 1421 1468 et

280 1509 394 1576 liberos
426 1510 581 1594 seriptum
613 1514 660 1578 est
698 1511 760 1578 sibi
787 1509 894 1577 deberi
921 1511 991 1576 uult
1021 1509 1075 1593 qui
1108 1507 1188 1575 nibil
1209 1505 1359 1574 exhibuit
1381 1507 1453 1572 deuo

281 1618 421 1696 potente.
455 1614 650 1682 uoluntotem
673 1619 823 1692 nostram,
852 1617 927 1682 dum
949 1613 1100 1698 cogimur,
1131 1611 1253 1695 quoerit
1276 1611 1311 1676 ot
1334 1609 1420 1676 desi·

281 1721 370 1792 deret
392 1716 450 1784 hoc
471 1734 528 1784 noe
551 1718 693 1785 exhibere
713 1716 840 1801 pietati,
869 1716 951 1800 qnod
979 1718 1045 1801 ipso
1068 1715 1225 1799 professus
1247 1714 1296 1780 est
1320 1730 1418 1778 eron·

281 1822 404 1888 sentem
434 1838 497 1886 non
527 1837 615 1903 posse
645 1838 760 1901 negore
790 1819 962 1887 formidini.
997 1818 1150 1903 numquid
1181 1817 1420 1884 misericordiae

282 1921 369 1988 locus
391 1924 440 1989 ost
461 1921 517 1988 ubi
539 1923 636 1988 instet
656 1923 847 2006 imperium?
877 1924 959 2007 quod
988 1939 1049 1988 nou
1078 1922 1153 1988 licet
1180 1920 1326 1988 subtrahi
1355 1939 1420 1986 nou

282 2043 448 2109 possumus
478 2025 580 2092 dicere
606 2025 801 2092 liberalitato
824 2025 972 2092 conferri:
1004 2023 1169 2092 clementie
1191 2023 1252 2090 nisi
1276 2024 1450 2108 ingenuos

282 2145 344 2194 non
363 2129 507 2194 nocetur:
531 2127 679 2211 quioquid
695 2147 756 2195 nou
772 2129 1033 2212 direptionum,
1056 2145 1111 2194 eeu
1124 2127 1285 2194 sincerum
1300 2145 1419 2192 munus

279 2232 428 2316 conpote,
451 2231 480 2296 si
502 2232 626 2298 dedisti.
656 2235 690 2297 et
712 2232 858 2314 frequens
880 2231 968 2298 uobis
991 2233 1120 2297 noturee
1142 2229 1267 2296 iteratio
1285 2235 1318 2296 ot
1342 2247 1417 2295 sun-

281 2338 370 2402 etum
397 2335 544 2400 creatoris
573 2351 686 2402 nomon
714 2333 860 2414 obsistet,
889 2333 977 2417 quusi
999 2351 1095 2400 neure
1117 2334 1196 2400 lnois
1219 2336 1299 2400 dono
1324 2335 1418 2417 portu

281 2436 463 2503 coelestium
490 2436 574 2502 iuter
600 2435 672 2516 illo,
706 2455 786 2521 quoe
811 2436 850 2502 ab
874 2436 1050 2504 hominibus
1080 2437 1278 2516 tribuuntur,
1314 2439 1417 2520 possit

281 2538 430 2608 adscribi.
447 2539 648 2624 morilegium
662 2542 712 2607 ost
727 2557 911 2624 superorum
927 2540 1158 2624 indulgentium
1173 2557 1279 2605 semen
1296 2539 1416 2605 dixisse
1425 2559 1448 2600 u

282 2641 479 2710 montelium:
502 2645 541 2710 de
560 2644 629 2710 sole
649 2643 745 2712 hebet
766 2642 898 2710 libidine
921 2643 1138 2710 testimouium
1152 2644 1242 2726 poter
1263 2643 1414 2708 cnrdelis

280 2745 387 2832 iungit
414 2747 513 2814 etium
539 2746 687 2814 oneribus
714 2746 810 2825 meis,
839 2745 916 2812 dum
944 2747 1078 2829 reposcit
1106 2745 1223 2811 solacio
1252 2745 1413 2823 destituti,

280 2850 387 2915 diceus
414 2849 478 2915 sibi
506 2850 668 2916 ciuitatem
696 2849 834 2933 potuisse
861 2867 1057 2932 succurrere,
1087 2851 1119 2914 ni
1141 2849 1300 2916 redissem.
1337 2849 1414 2933 quid

281 2952 368 3018 uliud
391 2952 536 3018 uoluntes
558 2954 620 3018 isto
641 2951 836 3030 manifestet,
860 2951 919 3018 nisi
936 2951 972 3016 nt
986 2967 1092 3016 rursus
1114 2969 1165 3016 me
1187 2953 1290 3035 pirate
1312 2953 1414 3016 susci·

280 3055 369 3135 piet?
397 3056 424 3120 si
445 3057 551 3139 grauis
574 3055 623 3119 est
644 3054 785 3138 inempta
807 3054 887 3120 uisio
910 3054 1006 3138 prolis
1029 3057 1110 3133 tuoe,
1142 3058 1225 3119 certe
1252 3054 1307 3120 nel
1329 3055 1444 3138 quode

280 3155 363 3222 soles
385 3175 499 3242 magno
522 3175 701 3242 conparere,
730 3175 836 3222 meum
860 3157 986 3224 bustum
1009 3157 1075 3224 siue
1097 3157 1197 3240 pretio
1220 3157 1411 3241 possidebis:

280 3259 367 3324 acteo
394 3258 521 3342 quidem
548 3259 714 3343 pollicetur
742 3261 858 3340 uitam,
887 3260 941 3325 sed
964 3263 1193 3326 tormentorum
1216 3261 1410 3343 magnitudo,

280 3377 375 3445 quem
397 3360 586 3428 acerbiorem
609 3365 640 3428 te
662 3361 800 3447 digresso
823 3361 952 3445 pertuli,
973 3362 1133 3446 promittit
1154 3362 1292 3428 exitium.

331 3547 554 3604 toomunemV
661 3548 901 3622 3'quenqusm1'
1001 3549 1118 3620 olligens
1142 3548 1170 3602 Β
1278 3549 1412 3618 quidquid

279 3632 308 3689 Β
410 3633 561 3688 bsoboiem
579 3633 607 3690 Β
625 3635 717 3703 (corr.)
735 3633 819 3690 LTV
913 3634 1023 3689 licorem
1041 3631 1069 3688 Β
1172 3633 1283 3688 uiritem
1301 3634 1342 3688 13¹

278 3718 378 3774 tieret
399 3719 427 3773 Β
449 3720 510 3780 et.
614 3719 770 3790 'Irellqnid
792 3720 886 3776 Bw
990 3719 1137 3775 crudiretur
1160 3719 1188 3774 Β
1292 3719 1410 3774 seruitiis

279 3803 311 3871 (ii
328 3804 360 3858 ior
376 3805 444 3873 roe.)
462 3803 498 3870 Β,
522 3805 596 3859 serui
613 3805 650 3872 Β,
676 3806 777 3861 neronis
793 3807 858 3874 fort.
961 3806 1117 3876 deligeret
1133 3806 1161 3860 Β
1264 3807 1409 3876 superstite

277 3888 375 3958 <periti
392 3905 426 3945 ec
443 3889 593 3960 peristotet
609 3893 693 3958 corr.)
709 3891 737 3946 Β
842 3893 875 3948 lb
892 3891 1010 3946 conferre
1028 3889 1124 3947 ΜΨ
1225 3891 1258 3946 16
1274 3891 1409 3961 quidquid

279 3976 307 4030 Β
401 3978 535 4046 pmemlis
554 3978 581 4032 Β
675 3993 722 4033 ceu
740 3993 791 4034 om.
809 3979 837 4034 Β
931 3981 1066 4034 sincerum
1079 3993 1176 4034 munus
1193 3979 1301 4048 scripsi,
1329 3980 1408 4033 inter·

278 4077 375 4116 monus
398 4060 511 4130 M'Vb,
536 4064 721 4119 iuntermuuos
743 4066 772 4119 Β
876 4063 908 4119 17
930 4065 965 4120 ed
988 4065 1016 4120 Β
1120 4063 1154 4119 18
1175 4063 1287 4119 obsistit
1311 4064 1339 4119 Β
1361 4067 1406 4132 (ru.

277 4162 364 4202 rece.
378 4147 442 4213 t.)b
533 4149 766 4205 dibonoriburB
850 4149 950 4204 rotatio
961 4149 1048 4207 ΜΨ
1133 4147 1341 4204 23suoourreL

278 4232 590 4304 mpynceoeaeipn
676 4237 880 4305 ttoouperortt
900 4235 1005 4292 eumB
1091 4235 1225 4305 pretioB
1311 4235 1405 4290 28dc·

277 4333 368 4389 gresso
387 4317 481 4374 ΒΤΨ
583 4321 725 4390 promittet
742 4321 771 4377 Β
