2992 4967
319 356 435 427 Opuso.
453 354 485 410 V.
509 354 786 409 Eucharistieum
804 353 842 409 de
859 354 935 409 uita
952 368 1016 409 sua.
1166 354 1229 423 397

98 548 246 629 singulos
276 544 341 613 diae
369 544 515 610 ditabant
543 544 798 629 inaequalitatem
818 560 925 613 meam
945 544 1107 627 dispondio
1129 542 1229 611 iaoul·

94 652 222 727 tatum,
251 649 404 715 lassatum
432 666 464 714 aa
492 647 590 714 luisse
618 649 789 715 testaretur
815 666 875 713 neo
902 646 1021 729 aliquid
1044 648 1228 715 remansisse

97 750 186 835 quod
208 751 307 831 fleret,
329 750 401 816 ilioo
423 751 501 818 mihi
523 768 611 835 epam
629 752 713 817 uitus
736 752 853 817 detulit
874 750 1047 833 desperatio
1068 751 1226 817 oumtouis.

98 874 178 922 nam
209 855 276 921 illio
291 854 495 940 promptiora
525 858 600 921 sunt
629 854 774 921 eoelestis
797 854 878 921 bona
906 853 1088 937 iuuaminis,
1116 854 1171 918 ubi
1193 872 1227 919 se

73 958 317 1025 asubtuauerint
345 956 493 1041 obsequia
520 956 661 1025 inlausta
683 956 914 1042 languentibus.
949 958 1095 1028 contiuuo
1118 976 1168 1023 me
1188 960 1228 1025 ud

98 1063 189 1129 beuti
212 1055 346 1127 viatoris
373 1060 521 1144 martyris
549 1060 706 1143 praesidis
733 1077 825 1141 saepe
854 1060 982 1141 experta
1008 1059 1166 1127 trunsuaxi
1195 1061 1228 1126 et

98 1182 193 1249 opem
216 1163 379 1230 fortissimi
400 1164 541 1247 promtus
563 1163 620 1229 deo
635 1164 808 1245 peripsum
821 1180 893 1229 oum
909 1162 1047 1231 laurinus
1061 1162 1226 1246 aliegauda

98 1266 260 1334 commisi:
293 1268 370 1335 satis
404 1284 470 1334 esee
502 1267 542 1331 ed
574 1270 814 1351 promerendam
850 1266 1050 1338 elementiam
1083 1268 1166 1346 eius,
1199 1268 1227 1333 si

98 1388 227 1453 semper
261 1364 332 1435 ante
365 1368 468 1434 oeulos
497 1386 567 1435 suos
595 1370 735 1448 statuat,
768 1374 850 1439 undo
879 1388 936 1439 uos
957 1371 1145 1453 sumpserit,
1168 1390 1227 1439 neo

56 1496 87 1535 ιο
97 1474 193 1540 fusile
215 1474 254 1539 ad
277 1472 504 1539 sublimitatem
531 1473 750 1539 mandatorum
775 1474 864 1541 illius
893 1494 964 1541 oum
986 1477 1151 1545 uelooitate
1173 1495 1226 1542 ex·

94 1584 236 1645 tremam
258 1579 392 1661 migrare
414 1592 502 1659 posse
524 1576 697 1642 materiam.
736 1580 880 1659 quamuis
908 1596 964 1662 per
991 1582 1159 1648 secundem
1179 1580 1225 1661 pii

97 1678 248 1747 naturam
276 1679 477 1761 baptismatis
505 1678 651 1745 ablutum
679 1681 722 1746 sit
750 1680 899 1763 quiequid
927 1682 1068 1749 delimo
1096 1685 1225 1765 parente

96 1784 293 1864 sorduimus,
316 1786 421 1849 tamen
445 1782 526 1866 quia,
550 1782 625 1849 dum
639 1783 787 1849 inimious
803 1784 916 1851 sulutia
930 1790 1055 1851 nostrae
1068 1786 1225 1853 inolusuun

96 1886 322 1955 blandimentis
350 1886 435 1951 limat
461 1889 640 1970 interitum,
670 1887 755 1953 dulei
782 1886 863 1953 uitia
890 1905 998 1971 sapore
1020 1888 1162 1955 ooudiuit
1182 1891 1223 1968 et,

58 2016 87 2057 ns
97 1992 176 2057 dum
199 1992 320 2074 pruritu
343 1990 480 2067 aurium,
509 1991 584 2056 dum
612 1990 764 2075 gustandi
786 1990 993 2058 obleetatione
1014 1992 1223 2074 producimur,

96 2110 184 2159 mors
205 2112 262 2177 par
283 2093 431 2159 fenestras
450 2094 636 2179 ingreditur,
660 2112 720 2177 qno
735 2094 923 2177 fugiendum
938 2099 984 2161 est
998 2097 1038 2163 ab
1051 2094 1100 2162 ira
1113 2096 1223 2177 ipsius,

96 2196 161 2263 nisi
184 2195 223 2262 ad
245 2196 484 2263 misericordiam
515 2197 596 2280 sius,
626 2197 679 2279 qui
708 2199 850 2263 reducem
878 2198 980 2265 filium
1010 2200 1043 2265 et
1063 2216 1224 2267 oouoessae

95 2296 263 2382 prodigum
286 2300 444 2381 portionis,
468 2318 561 2382 quem
583 2302 750 2382 postquem
774 2319 845 2367 aum
867 2304 968 2384 porois
986 2320 1040 2385 per
1055 2302 1224 2372 obsoeuum

97 2402 283 2484 siliquarum
306 2402 410 2467 eibum
432 2401 553 2469 addixit
575 2403 725 2468 inmundo
746 2406 932 2486 communio,
955 2406 994 2472 ud
1013 2406 1126 2474 stolam
1147 2423 1223 2471 euu-

58 2502 221 2584 sodidam,
249 2506 287 2571 ad
311 2506 438 2571 anulum
461 2506 649 2588 pretiosum,
678 2505 715 2571 ad
739 2508 866 2573 diuitias
889 2508 960 2573 illus
980 2512 1128 2589 paternas
1150 2526 1222 2591 poe·

97 2608 260 2687 sessionis,
289 2610 377 2691 quasi
403 2626 524 2692 semper
553 2613 707 2675 seruasset
730 2610 830 2689 iussa,
861 2613 1042 2677 renouauit?
1075 2614 1220 2692 praeatus

97 2730 170 2777 sum
192 2728 247 2795 per
275 2711 410 2777 oleatum
439 2713 521 2789 eius,
546 2713 581 2777 ut
604 2713 711 2778 debita
736 2713 815 2778 milri
843 2715 935 2795 plura
963 2713 1153 2791 dimitteret,
1184 2717 1221 2778 ut

95 2816 169 2899 plus
190 2814 372 2900 diligentiae
395 2814 559 2881 absolutus
583 2816 766 2881 exhiberem.
798 2822 829 2882 et
848 2817 907 2883 hoo
921 2836 992 2885 oum
1007 2816 1221 2902 promissionis

95 2938 170 2983 suae
202 2918 404 3001 ehirographo
431 2924 463 2984 et
491 2922 576 2985 uasta
606 2921 769 3002 sponsione
799 2921 983 2987 oonuenians
1011 2920 1151 3003 poposoi,
1186 2923 1221 2985 ut

58 3026 184 3088 enaret
212 3022 306 3087 etiam
335 3040 390 3103 per
417 3024 578 3105 praesepta
602 3040 659 3087 suu
679 3022 809 3089 amandi
830 3024 995 3090 deuotione
1018 3042 1067 3089 me
1089 3040 1220 3103 currere,

96 3122 185 3207 quia,
221 3140 291 3189 oum
320 3124 363 3188 sit
390 3125 473 3191 illius
502 3128 581 3207 quod
613 3144 776 3206 uouemur,
810 3127 898 3193 illius
927 3130 1009 3210 quod
1038 3129 1142 3195 uooati
1164 3130 1221 3197 ad·

200 3296 233 3349 16
250 3295 283 3351 of.
302 3294 374 3351 Hier.
392 3296 417 3360 9,
436 3296 467 3351 21

147 3452 165 3504 3
191 3448 262 3503 fierit
288 3449 316 3503 Β
418 3449 491 3503 illino
519 3448 546 3503 Β
650 3450 796 3519 disperatio
823 3452 850 3507 Β
953 3454 971 3509 4
993 3454 1161 3525 prumptiora
1184 3452 1218 3519 Β,

93 3538 204 3607 pptiora
222 3534 249 3589 L
343 3533 478 3589 iubebiuis
496 3534 523 3589 Β
627 3536 644 3591 5
662 3536 783 3593 infausta
801 3538 839 3593 Βι
935 3539 1107 3609 iungentibus
1129 3542 1155 3592 Τ

94 3626 111 3677 6
130 3620 250 3675 martiris
269 3620 297 3674 Β
403 3620 417 3674 7
441 3624 578 3690 praecatus
601 3622 629 3676 Β
732 3622 863 3693 elegenda
881 3624 922 3692 B,
948 3624 1108 3711 udlleguuda
1129 3627 1154 3682 Y

94 3728 191 3781 danos
209 3725 237 3779 Β
252 3740 273 3783 ο.
286 3726 313 3791 t,
340 3728 401 3781 tuos
419 3726 456 3781 Β1
556 3725 590 3779 10
604 3726 741 3783 extimam
755 3728 783 3782 Β
883 3729 915 3785 12
929 3729 1099 3787 betuniensis
1112 3731 1151 3785 ΒΙ

94 3847 129 3901 14
152 3844 230 3915 lugat
253 3844 292 3899 ΒΙ
397 3847 430 3901 15
453 3846 558 3915 pruritu
581 3846 621 3913 B,
650 3821 741 3917 pruritu
765 3854 860 3917 (pau
876 3852 956 3915 eon.)
979 3850 1007 3904 L
1108 3827 1217 3921 pamfli

93 3934 122 3987 Β
226 3930 371 3986 obleotione
389 3930 416 3985 L
520 3934 553 3989 16
575 3932 722 4003 lugendum
742 3933 769 3989 Β
874 3936 906 3989 19
922 3936 1107 4005 siquoliquaru
1124 3939 1151 3993 L

94 4018 169 4073 uibus
192 4016 220 4072 Β
323 4009 465 4073 eommuni⁰
488 4019 516 4073 Β
619 4020 654 4075 20
671 4020 791 4075 auullum
809 4021 970 4089 praetiosum
989 4022 1017 4077 Β
1117 4024 1215 4080 diuitis

93 4106 121 4159 Β
225 4105 258 4159 21
285 4120 403 4161 seruasse
428 4106 454 4159 Β
556 4111 693 4174 praecatus
720 4107 747 4161 Β
851 4107 886 4161 22
912 4108 1020 4163 aliatum
1045 4110 1073 4164 Β
1175 4114 1218 4168 do

94 4191 216 4246 mitteret
225 4190 259 4330 Ι,Β
272 4277 299 4333 B
356 4190 390 4245 23
408 4190 527 4246 exhibere
540 4192 567 4246 Β
665 4194 873 4266 240yrographo
886 4195 1213 4268 spasmum,

93 4278 251 4347 chyrograo
