2992 4967
300 321 362 393 162
654 317 772 389 Magni
788 318 917 379 ilalioia
933 320 1063 389 nuptui

294 512 401 587 moue
422 508 498 595 quit
516 508 731 594 magnitudini
752 513 878 579 uestrae
890 510 1025 583 tuuis
1043 510 1170 585 nauta
1190 512 1228 581 ie
1243 514 1432 595 patrimonii

297 617 439 688 nurus
460 614 660 696 teoeroteuit:
673 616 792 690 -tsnnun
808 615 873 689 unt
887 614 948 685 too
970 614 1066 689 titulo
1078 615 1284 689 uueunimi
1305 618 1432 689 donini

294 716 436 791 multum
453 715 645 799 inuolutum
667 718 806 800 gratiam
828 721 1020 803 supputant.
1043 719 1197 792 touaost
1210 720 1333 793 iaoturn
1349 723 1433 789 suu

296 820 447 900 stantiae,
468 820 497 885 si
519 819 622 894 ipoliti
642 820 759 894 notitia
776 821 929 905 prinoipia
951 824 1126 907 iismiis
1148 824 1327 897 inuenitur:
1364 844 1431 891 nou

294 930 346 995 oet
373 924 561 999 semitutum
589 923 789 996 fornitanus
813 926 969 1005 romu,
996 926 1208 1009 siparoann,
1231 930 1291 1010 uni
1318 946 1464 996 omuess

294 1032 404 1105 pirent
426 1028 570 1106 olinitius,
602 1027 722 1097 summi
744 1027 866 1100 domui
881 1046 976 1098 -araor
997 1028 1184 1114 menuitur.
1220 1029 1284 1095 hue
1304 1031 1432 1097 aoeeulit

288 1134 378 1227 ¹guoti
400 1150 457 1199 uso
478 1131 535 1204 illa
549 1129 725 1209 inminuto,
749 1131 827 1198 dnm
849 1130 933 1201 faeta
946 1135 996 1198 est
1008 1131 1089 1201 lnori
1109 1136 1212 1205 nator
1226 1136 1260 1197 et
1273 1133 1431 1201 honorum

296 1241 359 1317 nia,
373 1238 517 1321 inpactae
530 1234 721 1301 humilitatis
736 1234 840 1320 potuit
853 1238 961 1301 tonum
974 1234 1198 1309 substantiam.
1218 1236 1267 1303 sio
1279 1238 1433 1321 reparata

295 1343 370 1407 snut
399 1359 477 1425 quae
504 1339 650 1407 inimicus
683 1337 814 1423 eripuit,
846 1340 885 1405 ut
912 1337 1015 1405 mino
1047 1338 1233 1424 gaudiorum
1261 1342 1431 1407 oumnlnm

294 1444 504 1529 praestoleris.
541 1444 709 1527 supersunt
739 1460 820 1526 qnae
840 1442 875 1515 in
896 1462 950 1527 spo
978 1442 1170 1522 habeantur,
1198 1462 1272 1509 oum
1292 1445 1463 1511 eulminio

294 1548 350 1613 tuo
373 1546 541 1630 eontigerit
562 1545 701 1615 maxima
722 1545 787 1621 iam
801 1548 919 1617 tenore.
942 1545 993 1614 his
1019 1545 1178 1613 benefieiis
1199 1547 1284 1613 eaelo
1298 1550 1430 1615 auotoro

295 1651 429 1719 ooulatis
444 1648 577 1717 notitiae
592 1652 625 1713 et
640 1648 868 1715 oommnuionis
879 1652 1004 1725 nostae
1015 1648 1098 1717 bona
1109 1652 1283 1735 iungemus
1300 1654 1429 1735 qundo

294 1752 373 1831 milui
394 1755 521 1819 tautum
548 1753 653 1817 uirum
682 1752 744 1817 nisi
765 1770 821 1835 per
850 1750 907 1817 illa
927 1770 1006 1836 quae
1036 1753 1196 1837 praelatus
1224 1771 1296 1819 sum
1320 1754 1429 1820 eonti-

289 1858 392 1943 gissot
415 1858 606 1939 aguosoere?
642 1854 698 1921 sed
726 1860 865 1939 augeant
886 1873 1020 1939 superna
1042 1874 1120 1940 quae
1145 1856 1292 1926 tribuunt
1322 1858 1356 1923 et
1388 1860 1428 1923 ael

291 1948 374 2043 ¹quiae
402 1958 557 2025 desideria
584 1960 788 2041 porriguntur
818 1959 928 2025 diuina
956 1977 1014 2025 uos
1037 1977 1112 2025 aura
1133 1960 1293 2041 perduoat.
1342 1960 1459 2044 quode

294 2064 404 2147 restat,
419 2063 499 2145 uule,
514 2062 559 2126 mi
574 2062 706 2139 domiue,
730 2062 763 2127 et
784 2065 943 2130 amantem
958 2064 1006 2129 tui
1021 2064 1138 2129 crebris
1153 2064 1223 2128 lone
1238 2064 1426 2147 conloquiis,

296 2166 369 2249 qnia
389 2164 452 2231 uisi
474 2164 654 2250 epistularis
678 2164 873 2231 oouoiuuatio
901 2167 1026 2232 teneret
1047 2167 1217 2231 terminum
1241 2167 1311 2251 lege
1334 2186 1426 2251 prae·

294 2268 457 2351 scriptum,
478 2267 596 2353 gaudia
611 2284 668 2333 une
689 2268 723 2333 iu
745 2266 848 2333 multa
868 2267 966 2334 uerba
987 2268 1206 2335 diffunderent.

831 2472 886 2537 vl.

685 2627 816 2684 ΒΟΕΤῙΟ
834 2626 1025 2683 susumus.
1431 2645 1456 2687 ao

333 2751 397 2819 Par
418 2752 545 2836 quidem
568 2751 671 2818 iuerat
692 2753 764 2818 uuis
786 2753 902 2818 litteris
930 2751 1157 2835 magnitudinis
1185 2753 1259 2818 tuae
1289 2771 1423 2835 respou-

292 2854 375 2922 (lisse
391 2855 575 2938 simpliciter
590 2855 818 2941 noogouuipare
829 2855 940 2930 dotem
954 2854 1116 2937 oooloquia
1130 2854 1228 2920 semol
1238 2854 1422 2922 obnoxium:

293 2958 350 3023 sed
372 2958 514 3025 oautioue
537 2957 576 3021 od
598 2956 668 3037 hoo,
692 2975 756 3022 nou
777 2956 906 3024 inscitia
928 2957 1095 3023 deuolutus
1115 2975 1195 3023 sunu
1218 2959 1257 3023 (le
1278 2960 1421 3041 utrisque

293 3061 376 3137 enim
391 3060 535 3145 epistulis
550 3078 614 3125 uua
628 3060 811 3144 obsequitur
829 3060 943 3140 debito,
966 3060 1075 3148 altere
1077 3060 1260 3148 praestatur
1281 3059 1420 3129 affectui.

286 3163 426 3245 paudite,
455 3162 542 3234 nefas
567 3164 680 3249 putaui
709 3183 772 3231 nou
805 3183 877 3231 oum
904 3164 1027 3237 faenore
1056 3181 1112 3228 suo
1140 3160 1306 3229 restituere
1338 3163 1453 3247 quode

292 3284 381 3340 ruens
402 3266 589 3341 uenerabilis
602 3264 713 3361 ⁸prima
734 3267 920 3335 oontulerat.
958 3264 1099 3332 dulciora
1124 3265 1197 3330 sunt
1217 3265 1293 3330 aute
1314 3284 1420 3331 exem·

284 3370 381 3457 plum
409 3369 490 3437 bona
517 3369 716 3457 diligentiae,
745 3388 803 3436 neo
830 3370 957 3436 tantm
986 3367 1083 3435 habet
1110 3368 1227 3434 uirium
1249 3367 1305 3433 ant
1333 3368 1419 3455 genii

343 3592 357 3646 l
370 3590 491 3647 malitiae
502 3590 530 3646 L
623 3590 767 3660 patroeiuii
782 3590 807 3644 Β
896 3591 916 3646 4
927 3590 1026 3660 inclyti
1038 3589 1121 3647 ΒΝ
1130 3590 1188 3659 (aad
1198 3606 1217 3660 y
1228 3589 1256 3645 Β
1267 3593 1350 3656 oon.)

289 3710 521 3781 proneptem,
538 3676 669 3781 preest
687 3708 715 3765 u
804 3710 992 3766 semeae*
1087 3710 1192 3765 ausus
1206 3709 1235 3765 s
1331 3710 1418 3765 esru-

290 3800 355 3866 pnet
371 3796 399 3852 Β
493 3796 667 3867 grundiornm
682 3794 751 3863 son.
847 3796 1166 3866 murmur-satutare
1181 3794 1210 3851 Β
1296 3796 1331 3857 12
1347 3797 1418 3851 noti·

166 3941 173 3951 x
289 3882 355 3952 tiae]
373 3882 458 3939 etiam
474 3882 590 3937 notitiae
606 3881 634 3937 Β
730 3883 765 3939 15
780 3882 875 3938 (lirina
891 3899 926 3938 eor
943 3882 1042 3938 (linitis
1061 3882 1176 3939 seua
1278 3897 1326 3935 nos
1344 3882 1417 3950 eura]

289 3967 700 4025 naturatotoa.reo.s.l.B
805 3966 970 4023 liturilriL
1074 3966 1351 4037 liporsouiptumit

291 4051 567 4109 liidiiiunulertutB
696 4070 699 4081 ·

341 4143 618 4227 nauseis
713 4158 893 4216 semus
984 4156 1248 4227 umerus
1339 4156 1415 4213 auae

289 4242 346 4296 tui·
363 4241 391 4297 Β
493 4242 528 4300 25
547 4243 647 4315 putatjj
667 4244 704 4302 1¹¹
807 4246 966 4313 MoreV,
994 4244 1100 4301 foenore
1115 4245 1158 4310 L,
1186 4246 1277 4301 tenore
1293 4244 1353 4301 ΒΤ
