2992 4967
317 338 378 405 178
670 333 786 405 liegni
802 334 929 389 Felieie
946 334 1077 389 Ennodi

313 526 470 594 discussor
496 524 670 592 altissimus
697 525 830 591 lectione
857 526 981 609 epienm
1014 526 1139 589 tuorum
1168 526 1308 591 enimam
1336 546 1436 593 mean

314 632 395 697 inter
420 627 591 714 penetralis
611 646 668 694 sna
690 645 749 692 non
771 628 907 711 potuisse
933 627 1102 692 eomietere
1122 630 1155 693 et
1176 629 1216 694 ed
1230 631 1436 713 praesentiam

313 735 406 799 marn
426 731 608 817 diligentiae
630 731 765 797 enolasse
785 730 879 796 melle
902 730 1092 813 oonpalsann
1114 732 1226 799 habuit
1241 732 1436 799 Arelatemis

317 835 488 912 habitatio,
517 853 588 901 eum
609 833 892 901 Mediolanensibus
913 832 1012 899 mnris
1031 832 1223 918 inolnderer,
1243 836 1278 901 et
1300 835 1379 903 dnm
1399 837 1437 901 ad

314 938 437 1007 dnloem
467 942 569 1005 sedem
602 937 731 1003 libertae
754 936 869 1003 mentis
901 939 1088 1025 excurreret,
1121 936 1206 1001 intra
1232 936 1362 1003 Italiam
1390 958 1465 1005 mes

314 1042 453 1126 eorporis
475 1043 642 1127 oaptinitas
665 1040 851 1107 includebat.
873 1058 892 1105 o
915 1040 943 1107 si
964 1042 1142 1125 suppeteret
1163 1040 1315 1109 sermonis
1338 1042 1437 1109 aton

314 1144 424 1213 dantia
444 1147 483 1212 ad
505 1162 641 1229 eaquae
664 1144 750 1228 eupit
771 1143 894 1210 animus
915 1146 1092 1229 exponenda
1119 1146 1176 1210 ant
1196 1144 1268 1223 illa,
1297 1146 1339 1211 ed
1360 1164 1437 1228 qnae

315 1246 426 1331 lingna
446 1247 573 1327 suffieit,
597 1266 656 1313 non
677 1247 778 1330 pudor
798 1247 949 1332 eriperet!
983 1266 1100 1330 pernae
1121 1264 1211 1313 emor
1231 1247 1278 1313 est
1299 1248 1357 1331 qni
1377 1250 1437 1315 oris

312 1350 494 1417 ‘testmonio
527 1350 717 1417 sufficienter
753 1350 907 1433 aperitur:
940 1350 1090 1417 eoniessio
1125 1352 1174 1415 est
1203 1350 1330 1432 tepidae
1357 1352 1436 1417 eari-

314 1454 400 1539 tetis,
422 1452 565 1537 quotiens
594 1454 627 1519 in
656 1472 694 1519 es
715 1471 777 1518 non
805 1453 888 1519 redit
915 1452 1083 1536 eloquiun
1103 1454 1185 1536 qnod
1207 1454 1322 1538 natet,
1346 1454 1463 1519 denno

312 1572 429 1640 pretor,
459 1558 496 1621 ut
515 1556 622 1623 ualens
644 1560 676 1621 et
698 1559 737 1623 ed
759 1556 986 1621 snbleuandnm
1007 1573 1179 1622 maerorem
1200 1574 1317 1635 menna,
1347 1575 1437 1639 quen

248 1712 252 1719 .
312 1657 482 1742 seriptione
504 1664 561 1725 tue
581 1658 677 1725 nimn
695 1658 825 1725 daedala
846 1661 911 1724 erte
933 1657 1113 1742 geminasti,
1130 1660 1210 1725 bono
1224 1658 1436 1741 prosperitatis

315 1766 443 1829 mntnee
464 1760 640 1828 reserueris.

822 1947 927 2014 vnn.

701 2101 837 2159 svmno
858 2101 1048 2159 ermomvs.
1443 2116 1464 2157 rs

355 2226 508 2309 Pompam
535 2244 631 2309 quam
657 2227 690 2293 in
717 2226 832 2292 litteris
860 2226 970 2311 lugitis
1000 2227 1164 2309 optinetis,
1192 2243 1250 2291 nee
1279 2226 1370 2293 alind
1390 2232 1436 2291 eet

315 2329 401 2411 loqui
422 2333 561 2396 nestrum
584 2327 645 2395 nisi
672 2328 936 2395 declamationum
963 2328 1099 2412 insignia
1124 2328 1294 2395 enstodire:
1324 2328 1385 2394 lnoe
1405 2331 1437 2394 in

315 2430 405 2498 nobis
426 2434 548 2511 natura,
572 2432 631 2499 hoo
645 2431 776 2517 peritiae
797 2433 898 2497 meter
912 2431 1094 2497 indefioiens
1107 2431 1251 2497 lectionis
1266 2448 1344 2497 eura
1366 2449 1436 2498 oon-

313 2534 421 2619 gessit.
437 2536 492 2603 sed
506 2535 642 2603 miseriis
657 2536 736 2601 meis
752 2537 877 2603 euenire
891 2536 982 2601 nulla
998 2536 1168 2602 consolatio
1182 2537 1296 2619 potest,
1315 2537 1436 2619 quando

313 2638 386 2703 ente
407 2638 512 2705 oeulos
538 2644 612 2705 sunt
641 2640 744 2705 looeta
771 2657 849 2723 qnae
884 2639 1001 2715 merui,
1034 2639 1067 2703 et
1100 2644 1252 2721 quantum
1278 2639 1465 2722 praelatus»

313 2739 470 2827 indignior
499 2743 654 2827 extiterit,
688 2744 815 2809 tentum
844 2741 879 2806 in
903 2742 1009 2823 aperto
1032 2740 1114 2807 finnt
1135 2745 1262 2825 peecata
1286 2744 1434 2826 superati

313 2843 391 2927 quid
404 2844 545 2911 animum
559 2864 677 2928 meum,
692 2842 917 2910 inlustrissime
930 2843 1102 2923 hominnm,
1125 2843 1245 2910 conaris
1261 2842 1435 2910 adtollere?

314 2945 389 3028 quid
411 2946 444 3011 in
465 2948 541 3026 nita
565 2966 644 3031 qnae
665 2948 759 3031 plena
779 2947 930 3013 maeroris
951 2950 1016 3027 est,
1038 2965 1194 3012 reserpere
1216 2946 1311 3012 lieeat
1332 2946 1434 3012 tribu·

315 3048 483 3115 lotionibus
505 3051 607 3116 meisi
643 3068 698 3133 pro
721 3051 801 3116 bono
830 3048 1070 3132 dispensationis
1092 3049 1236 3115 eoelestis
1265 3048 1364 3113 linem
1385 3049 1434 3115 nel

314 3170 385 3217 cum
408 3152 477 3217 uita
498 3154 661 3219 constitui.
698 3154 787 3219 nobis
809 3156 915 3218 tamen
937 3152 1158 3219 insnffioientee
1186 3155 1285 3219 refero
1307 3155 1463 3239 gratian

364 3422 475 3477 tiator
497 3422 560 3491 Bt,
589 3424 665 3477 intur
690 3424 733 3492 ll,
763 3425 836 3479 intre
859 3424 953 3481 ΒΝ
1060 3426 1232 3481 teenoleees
1254 3426 1281 3481 Β
1394 3431 1434 3482 ot

314 3544 446 3613 pule-sem
464 3543 492 3598 L
592 3516 756 3599 habnit⁰T
770 3547 824 3613 (me
839 3561 861 3600 e.
873 3545 890 3600 l.
902 3562 936 3600 ea
948 3548 987 3613 2),
1015 3560 1057 3599 me
1074 3543 1171 3599 habuit
1187 3545 1254 3611 fort.
1352 3546 1370 3600 6
1387 3546 1433 3601 hr-

314 3637 464 3693 bnndsntie
486 3636 542 3692 LT
644 3638 660 3692 'l
686 3638 744 3709 ant]
768 3643 817 3694 snt
834 3639 869 3694 ed
892 3638 974 3695 Siros
1077 3654 1128 3708 qne
1152 3638 1180 3693 B
1281 3640 1300 3694 8
1324 3640 1435 3710 eriperit

314 3732 361 3797 13¹,
389 3734 489 3801 eripere
514 3734 531 3787 t
632 3746 732 3804 parurn
758 3734 799 3799 L,
827 3750 911 3804 penus
937 3734 986 3789 Bt
1087 3734 1118 3789 11
1146 3733 1318 3789 anblenendis
1340 3736 1369 3791 L

314 3841 444 3883 merorem
456 3827 512 3893 Bo,
532 3828 642 3883 meroris
653 3827 738 3883 LTV
828 3828 1055 3899 12soriptiontL
1147 3827 1249 3883 tnaeB
1341 3829 1433 3885 dedala

315 3946 424 4001 narr
523 3948 728 4034 geminastis
828 3951 862 4004 13
878 3921 1007 4005 temera
1024 3950 1065 4017 n,
1093 3948 1270 4005 memerito

366 4066 460 4123 vnn.
497 4066 529 4122 15
547 4068 677 4125 ennodius
696 4068 792 4124 suisne
813 4072 839 4123 Τ
935 4070 968 4127 16
985 4088 1121 4142 pom-pem
1140 4072 1198 4138 (alt.
1209 4089 1227 4143 p
1239 4074 1322 4139 oon.)
1339 4072 1367 4127 L

314 4158 416 4229 lugetis
427 4163 560 4230 optenetis
572 4163 601 4218 Β
701 4164 733 4219 18
744 4165 872 4233 paeritise
884 4165 911 4220 L
1007 4166 1137 4222 oonoeesit
1147 4166 1175 4222 L
1273 4167 1307 4221 19
1318 4167 1433 4221 eonlstio

314 4246 342 4301 L
443 4246 478 4303 20
494 4250 558 4303 ente
575 4250 601 4303 L
618 4264 638 4305 r.
656 4250 674 4305 l.
775 4248 810 4305 28
827 4252 937 4306 meroris
956 4251 1066 4308 sna?
