2992 4967
295 376 357 443 106
653 372 767 443 llagui
784 372 910 427 Felicis
928 371 1061 426 Lunodi

296 569 352 643 los,
381 569 417 631 ut
440 565 479 630 ab
499 562 569 645 ipss
602 563 689 628 uobis
710 580 766 644 per
797 578 936 628 amorem
957 559 1138 625 condicione
1170 561 1242 642 plus
1276 558 1421 626 debeant.

294 672 382 754 unde,
405 668 546 752 piissime
568 665 710 745 domine,
746 665 929 748 obsequium
952 663 1100 729 exhibens
1121 682 1195 729 oum
1217 664 1425 748 generalitate

293 772 479 839 soluendum
500 768 643 854 significo
666 787 715 833 me
739 771 777 834 sd
799 768 905 851 eliqua
918 768 1114 851 suggerenda
1127 767 1318 849 perlatorem
1333 784 1425 849 prae·

294 877 430 943 sentium
445 875 624 940 destinasse.
647 890 702 938 uos
714 873 828 938 effectu
843 871 1151 953 donatelsupplicem
1167 870 1243 953 quia
1252 888 1310 953 sps
1323 868 1427 937 fultus

293 983 435 1065 precator
457 976 585 1043 accessi.
913 1029 916 1033 .
1449 994 1461 1031 s

832 1128 888 1193 XI.

658 1265 842 1321 ENNODIVS
864 1264 1067 1335 Lvnimosot

338 1389 399 1469 Qui
422 1390 557 1455 amicam
579 1390 804 1457 conscientiam
828 1390 1006 1457 manifestis
1037 1392 1146 1473 pandit
1166 1389 1305 1468 iudiciis,
1339 1391 1428 1457 tollit

295 1496 393 1561 otium
417 1494 528 1578 quibus
550 1496 669 1578 gratiae
691 1494 885 1577 praestiterit
907 1496 1103 1578 dignitatem.
1131 1495 1183 1558 uix
1205 1494 1289 1558 enim
1313 1493 1427 1560 feriata

294 1601 366 1662 snut
388 1615 442 1663 ora
464 1599 529 1663 eius
552 1599 606 1680 qni
632 1598 795 1665 consueuit
821 1597 932 1675 audiri,
957 1600 1029 1681 quia
1050 1614 1201 1681 magnum
1223 1596 1423 1678 dispendium
1436 1615 1460 1655 o

296 1703 421 1783 pudoris
445 1701 492 1765 est
505 1702 672 1765 uerborum
688 1700 822 1764 retinere
841 1700 1036 1779 beneficium,
1059 1704 1095 1765 ut
1110 1701 1186 1764 dum
1207 1700 1337 1784 linguae
1352 1721 1426 1784 par·

296 1805 395 1869 cimus
431 1803 605 1868 honestatis
638 1804 768 1886 prodiga
800 1800 886 1867 frons
919 1803 1051 1868 laboret.
1085 1821 1142 1867 uos
1174 1822 1225 1870 me
1259 1804 1427 1885 gamalam

295 1906 425 1983 fecistis,
441 1908 494 1988 qui
510 1923 613 1987 preces
630 1923 715 1970 meas
731 1905 904 1970 consuestis
920 1906 1098 1971 admittere.
1114 1907 1222 1971 sedne
1236 1909 1427 1988 praestanda

296 2012 521 2092 circumloquar
544 2012 574 2073 et
598 2008 748 2092 epistulae
772 2010 949 2093 prolixitate
963 2009 1149 2093 inpetranda
1163 2012 1365 2092 suspendam,
1386 2011 1427 2075 ad

295 2132 362 2180 rem
384 2111 483 2178 redeo.
508 2111 656 2178 sublimis
678 2114 727 2177 nir
751 2114 938 2178 Laurentius
961 2114 1082 2179 reditus
1105 2114 1167 2178 sibi
1189 2113 1320 2192 debitos,
1348 2132 1458 2198 quos1⁵

295 2217 425 2283 adelesia
446 2217 588 2282 Romana
610 2216 695 2282 facta
717 2234 789 2281 cum
804 2219 930 2282 auctore
952 2217 1019 2281 eius
1042 2220 1092 2282 est
1105 2217 1248 2301 pactione
1269 2218 1421 2301 pollicito,

295 2340 314 2387 a
335 2322 448 2386 domno
470 2338 552 2404 papa
574 2320 687 2388 asserit
709 2320 766 2385 sub
789 2324 889 2386 nescio
911 2338 973 2403 qua
986 2321 1181 2405 oppositione
1202 2321 1364 2404 denegari.
1390 2324 1425 2386 in

295 2442 355 2506 quo
377 2424 500 2506 negotio
523 2422 664 2490 fauorem
685 2441 740 2506 per
762 2442 813 2490 me
835 2429 959 2490 uestrae
982 2424 1167 2490 defensionis
1202 2424 1355 2505 inplorat,
1389 2430 1426 2488 ut

295 2544 371 2603 rem,
394 2544 489 2609 quam
510 2526 631 2592 debetis
653 2528 793 2611 legibus,
827 2528 997 2593 uideamini
1018 2528 1164 2593 exhibere
1184 2528 1371 2609 diligentiae
1392 2532 1425 2593 et

295 2629 375 2695 illud
398 2634 518 2696 crescat
551 2630 680 2695 affectui
702 2632 784 2712 quod
818 2632 965 2713 denegari
987 2649 1049 2696 nou
1071 2630 1148 2695 licet
1169 2632 1331 2713 aequitati.
1370 2649 1459 2696 uoss

295 2733 465 2799 honorem
487 2734 577 2799 iuxta
599 2734 754 2800 desideria
775 2752 846 2799 mea
867 2733 1008 2818 tribuite,
1032 2736 1068 2797 nt
1090 2736 1242 2815 quantum
1264 2736 1427 2799 nominato

294 2837 363 2902 uiro
396 2838 627 2903 commoditatis
662 2838 827 2901 accesserit
859 2839 985 2903 tantum
1018 2854 1069 2901 mc
1096 2838 1235 2902 muneris
1269 2839 1427 2922 accepisse

296 2940 451 3005 confitear.
474 2941 611 3005 salutem
630 2956 702 3023 ergo
725 2940 831 3004 dicens
846 2957 946 3021 spero,
969 2941 1008 3005 ut
1022 2942 1106 3005 circa
1118 2939 1226 3004 munia
1246 2939 1426 3005 litterarum

298 3059 355 3107 uec
377 3042 516 3107 sincerus
549 3058 636 3107 amor
668 3042 863 3108 uacationem
893 3043 1028 3124 accipiat
1060 3060 1119 3107 neo
1151 3042 1300 3108 facundia
1329 3044 1427 3107 totius

297 3144 380 3210 orbis
403 3142 564 3210 celebrata
585 3145 765 3211 testimonio
787 3144 990 3211 conticescat.
1437 3166 1463 3206 ιι

348 3366 447 3438 lpcr]
475 3383 522 3438 pro
549 3366 577 3421 L
683 3383 771 3422 amore
797 3367 836 3422 L¹
940 3367 1092 3422 conditione
1117 3366 1232 3423 BLTV
1335 3351 1430 3454 Mn}

295 3470 416 3538 delmino
442 3471 470 3526 L
574 3471 785 3540 3suggoneudo
812 3470 840 3526 Β
943 3470 1084 3527 senocto
1110 3472 1138 3525 Β
1240 3472 1370 3541 suplicem
1385 3444 1428 3533 ‘V,

295 3558 442 3629 supplicere
461 3557 497 3613 T¹
602 3556 618 3611 5
638 3561 777 3627 praecator
795 3556 822 3612 L
926 3558 1032 3627 accessi]
1051 3558 1114 3611 fluit
1128 3556 1192 3613 aod.
1210 3557 1238 3611 Β

347 3680 395 3735 ιιι.
431 3678 692 3749 opressione:
767 3679 822 3749 uu]
841 3678 938 3733 uoxu
1045 3659 1176 3744 sose,
1202 3678 1363 3739 scissim.

296 3766 353 3819 eius
365 3764 412 3834 qui
430 3764 509 3831 BPb,
532 3764 580 3833 qui
594 3765 652 3819 eius
670 3764 766 3827 LYV3
783 3766 841 3819 eius
856 3764 925 3831 sort.
939 3766 1167 3835 expocpmdm
1184 3768 1219 3834 cf.
1235 3766 1350 3823 Wiener
1364 3766 1429 3821 Stu-

296 3850 362 3904 dien
375 3850 451 3919 Hp.
463 3852 520 3904 241
595 3852 682 3906 audiri
695 3852 759 3921 (diri
772 3852 804 3906 in
816 3855 883 3916 ras.)
898 3852 925 3905 Β
1006 3853 1036 3907 11
1051 3852 1203 3907 benificium
1214 3855 1242 3909 B
1323 3852 1359 3908 12
1370 3870 1430 3923 pro·

297 3934 372 4004 digia
384 3934 411 3988 L
490 3936 739 4003 decemplicis,
758 3936 936 3991 consueuistis
949 3936 997 3991 Po
1082 3939 1225 4007 prestanda
1237 3938 1264 3993 Β
1352 3940 1388 3993 14
1404 3942 1431 3991 et

295 4024 327 4076 ιἰι
337 4036 390 4090 mp.
402 4020 466 4074 add.
480 4021 507 4075 B
598 4023 631 4077 15
642 4023 743 4077 reditos
755 4023 791 4088 B,
808 4022 932 4076 redditus
947 4024 973 4078 T
1056 4024 1091 4079 19
1109 4023 1239 4095 legitlbus
1253 4023 1281 4079 Β
1368 4024 1430 4078 dili·

297 4124 384 4194 gendo
404 4124 430 4179 T
531 4124 565 4179 20
583 4106 696 4195 “negari
714 4125 742 4179 Β
840 4124 873 4178 21
892 4124 967 4179 iusta
986 4126 1022 4180 Β
1120 4128 1155 4182 22
1173 4128 1317 4183 sdcessent
1334 4126 1364 4182 Β

295 4210 424 4281 accipisse
442 4211 470 4266 Β
567 4212 601 4267 23
619 4212 711 4266 munia
729 4212 767 4280 (ia
783 4212 895 4279 ιἰιηιι.)
912 4212 940 4266 L
1036 4213 1071 4268 24
1093 4216 1180 4269 ducar
1197 4214 1228 4269 Β
1324 4212 1360 4267 25
1376 4228 1429 4267 nor·

294 4298 337 4354 bis
356 4298 384 4354 Β
482 4297 628 4367 celebrstla
646 4298 674 4351 Β
699 4314 716 4351 a
731 4298 765 4352 ιἰι
780 4314 834 4369 my.
853 4298 918 4353 odd.
1020 4300 1179 4355 conticiscet
1195 4302 1223 4356 Β
