<?xml version="1.0" encoding="UTF-8"?>
<!DOCTYPE html PUBLIC "-//W3C//DTD XHTML 1.0 Transitional//EN"
    "http://www.w3.org/TR/xhtml1/DTD/xhtml1-transitional.dtd">
<html xmlns="http://www.w3.org/1999/xhtml" xml:lang="en" lang="en">
 <head>
  <title>
</title>
<meta http-equiv="Content-Type" content="text/html;charset=utf-8" />
  <meta name='ocr-system' content='tesseract 3.04.00' />
  <meta name='ocr-capabilities' content='ocr_page ocr_carea ocr_par ocr_line ocrx_word'/>
</head>
<body>
  <div class='ocr_page' id='page_1' title='image "./corpusscriptoru10wissgoog/corpusscriptoru10wissgoog_0284.png"; bbox 0 0 2992 4967; ppageno 0'>
   <div class='ocr_carea' id='block_1_1' title="bbox 358 328 1121 405">
    <p class='ocr_par' dir='ltr' id='par_1_1' title="bbox 358 328 1121 405">
     <span class='ocr_line' id='line_1_1' title="bbox 358 328 1121 405; baseline -0.008 -9"><span class='ocrx_word' id='word_1_1' title='bbox 358 328 421 404; x_wconf 75' lang='lat'><strong>180</strong></span> <span class='ocrx_word' id='word_1_2' title='bbox 715 336 827 405; x_wconf 76' lang='lat' dir='ltr'><strong>Magni</strong></span> <span class='ocrx_word' id='word_1_3' title='bbox 845 336 973 391; x_wconf 80' lang='lat' dir='ltr'><strong>Felicia</strong></span> <span class='ocrx_word' id='word_1_4' title='bbox 992 336 1121 391; x_wconf 77' lang='lat' dir='ltr'><strong>Ennodi</strong></span> 
     </span>
    </p>
   </div>
   <div class='ocr_carea' id='block_1_2' title="bbox 340 525 1488 1844">
    <p class='ocr_par' dir='ltr' id='par_1_2' title="bbox 340 525 1488 1844">
     <span class='ocr_line' id='line_1_2' title="bbox 340 525 1472 609; baseline 0.001 -18"><span class='ocrx_word' id='word_1_5' title='bbox 340 526 499 608; x_wconf 85' lang='lat' dir='ltr'><strong>equidem</strong></span> <span class='ocrx_word' id='word_1_6' title='bbox 515 526 732 591; x_wconf 79' lang='lat' dir='ltr'><strong>uniuersorum</strong></span> <span class='ocrx_word' id='word_1_7' title='bbox 746 544 850 589; x_wconf 92' lang='lat' dir='ltr'><strong>rernm</strong></span> <span class='ocrx_word' id='word_1_8' title='bbox 873 526 1019 591; x_wconf 75' lang='lat' dir='ltr'><strong>auefitia:</strong></span> <span class='ocrx_word' id='word_1_9' title='bbox 1043 525 1177 609; x_wconf 83' lang='lat' dir='ltr'><strong>contigit</strong></span> <span class='ocrx_word' id='word_1_10' title='bbox 1190 527 1311 604; x_wconf 80' lang='lat' dir='ltr'><strong>tamen,</strong></span> <span class='ocrx_word' id='word_1_11' title='bbox 1333 527 1363 591; x_wconf 83' lang='lat' dir='ltr'><strong>ei</strong></span> <span class='ocrx_word' id='word_1_12' title='bbox 1384 529 1472 593; x_wconf 85' lang='lat' dir='ltr'><strong>uerba</strong></span> 
     </span>
     <span class='ocr_line' id='line_1_3' title="bbox 356 627 1471 712; baseline 0 -19"><span class='ocrx_word' id='word_1_13' title='bbox 356 628 497 712; x_wconf 81' lang='lat' dir='ltr'><strong>deneges,</strong></span> <span class='ocrx_word' id='word_1_14' title='bbox 519 627 765 712; x_wconf 87' lang='lat' dir='ltr'><strong>plus-pudenda.</strong></span> <span class='ocrx_word' id='word_1_15' title='bbox 792 646 882 711; x_wconf 87' lang='lat' dir='ltr'><strong>saepe</strong></span> <span class='ocrx_word' id='word_1_16' title='bbox 905 628 1002 692; x_wconf 91' lang='lat' dir='ltr'><strong>etiam</strong></span> <span class='ocrx_word' id='word_1_17' title='bbox 1018 628 1122 693; x_wconf 90' lang='lat' dir='ltr'><strong>euenit</strong></span> <span class='ocrx_word' id='word_1_18' title='bbox 1143 629 1181 692; x_wconf 87' lang='lat' dir='ltr'><strong>ut</strong></span> <span class='ocrx_word' id='word_1_19' title='bbox 1202 628 1382 711; x_wconf 74' lang='lat' dir='ltr'><strong>frequenter</strong></span> <span class='ocrx_word' id='word_1_20' title='bbox 1404 629 1471 693; x_wconf 84' lang='lat' dir='ltr'><strong>acri·</strong></span> 
     </span>
     <span class='ocr_line' id='line_1_4' title="bbox 356 730 1473 813; baseline -0.002 -16"><span class='ocrx_word' id='word_1_21' title='bbox 356 732 463 797; x_wconf 90' lang='lat' dir='ltr'><strong>bentes</strong></span> <span class='ocrx_word' id='word_1_22' title='bbox 484 730 588 796; x_wconf 88' lang='lat' dir='ltr'><strong>minus</strong></span> <span class='ocrx_word' id='word_1_23' title='bbox 610 730 762 812; x_wconf 78' lang='lat' dir='ltr'>diligant:</span> <span class='ocrx_word' id='word_1_24' title='bbox 791 746 962 812; x_wconf 78' lang='lat' dir='ltr'><strong>numquam</strong></span> <span class='ocrx_word' id='word_1_25' title='bbox 990 732 1096 796; x_wconf 67' lang='lat' dir='ltr'><strong>brnen</strong></span> <span class='ocrx_word' id='word_1_26' title='bbox 1120 732 1266 807; x_wconf 84' lang='lat' dir='ltr'><strong>accessit,</strong></span> <span class='ocrx_word' id='word_1_27' title='bbox 1296 734 1334 795; x_wconf 87' lang='lat' dir='ltr'><strong>ut</strong></span> <span class='ocrx_word' id='word_1_28' title='bbox 1361 731 1473 813; x_wconf 84' lang='lat' dir='ltr'><strong>aliquid</strong></span> 
     </span>
     <span class='ocr_line' id='line_1_5' title="bbox 356 834 1473 916; baseline -0.003 -16"><span class='ocrx_word' id='word_1_29' title='bbox 356 834 479 900; x_wconf 75' lang='lat' dir='ltr'><strong>mritati</strong></span> <span class='ocrx_word' id='word_1_30' title='bbox 501 836 640 901; x_wconf 89' lang='lat' dir='ltr'><strong>reseruet</strong></span> <span class='ocrx_word' id='word_1_31' title='bbox 661 835 714 914; x_wconf 90' lang='lat' dir='ltr'><strong>qui</strong></span> <span class='ocrx_word' id='word_1_32' title='bbox 735 834 769 897; x_wconf 90' lang='lat' dir='ltr'><strong>in</strong></span> <span class='ocrx_word' id='word_1_33' title='bbox 791 834 942 915; x_wconf 88' lang='lat' dir='ltr'><strong>perpetua</strong></span> <span class='ocrx_word' id='word_1_34' title='bbox 957 834 1173 899; x_wconf 64' lang='lat' dir='ltr'><strong>taciturnitate</strong></span> <span class='ocrx_word' id='word_1_35' title='bbox 1187 834 1351 916; x_wconf 73' lang='lat' dir='ltr'><strong>perdurat.</strong></span> <span class='ocrx_word' id='word_1_36' title='bbox 1377 836 1473 916; x_wconf 62' lang='lat' dir='ltr'><strong>potet</strong></span> 
     </span>
     <span class='ocr_line' id='line_1_6' title="bbox 356 935 1473 1020; baseline 0 -19"><span class='ocrx_word' id='word_1_37' title='bbox 356 938 441 1003; x_wconf 87' lang='lat' dir='ltr'><strong>nasci</strong></span> <span class='ocrx_word' id='word_1_38' title='bbox 469 937 506 1002; x_wconf 90' lang='lat' dir='ltr'><strong>de</strong></span> <span class='ocrx_word' id='word_1_39' title='bbox 536 935 757 1020; x_wconf 74' lang='lat' dir='ltr'><strong>epistolaribus</strong></span> <span class='ocrx_word' id='word_1_40' title='bbox 784 935 1010 1000; x_wconf 85' lang='lat' dir='ltr'><strong>blandimentis</strong></span> <span class='ocrx_word' id='word_1_41' title='bbox 1043 935 1253 1019; x_wconf 80' lang='lat' dir='ltr'><strong>ambiguitas:</strong></span> <span class='ocrx_word' id='word_1_42' title='bbox 1288 939 1377 1002; x_wconf 81' lang='lat' dir='ltr'><strong>certe</strong></span> <span class='ocrx_word' id='word_1_43' title='bbox 1391 938 1473 1001; x_wconf 82' lang='lat' dir='ltr'><strong>‘fides</strong></span> 
     </span>
     <span class='ocr_line' id='line_1_7' title="bbox 355 1039 1472 1123; baseline -0.004 -16"><span class='ocrx_word' id='word_1_44' title='bbox 355 1047 404 1107; x_wconf 92' lang='lat' dir='ltr'><strong>est</strong></span> <span class='ocrx_word' id='word_1_45' title='bbox 425 1041 464 1108; x_wconf 91' lang='lat' dir='ltr'><strong>ab</strong></span> <span class='ocrx_word' id='word_1_46' title='bbox 487 1059 541 1117; x_wconf 88' lang='lat' dir='ltr'><strong>ec,</strong></span> <span class='ocrx_word' id='word_1_47' title='bbox 564 1042 617 1123; x_wconf 89' lang='lat' dir='ltr'><strong>qui</strong></span> <span class='ocrx_word' id='word_1_48' title='bbox 640 1042 744 1105; x_wconf 88' lang='lat' dir='ltr'><strong>seruat</strong></span> <span class='ocrx_word' id='word_1_49' title='bbox 767 1040 940 1117; x_wconf 77' lang='lat' dir='ltr'><strong>silentium,</strong></span> <span class='ocrx_word' id='word_1_50' title='bbox 964 1056 1025 1103; x_wconf 91' lang='lat' dir='ltr'><strong>non</strong></span> <span class='ocrx_word' id='word_1_51' title='bbox 1048 1041 1157 1105; x_wconf 83' lang='lat' dir='ltr'><strong>amari</strong></span> <span class='ocrx_word' id='word_1_52' title='bbox 1187 1039 1264 1105; x_wconf 88' lang='lat' dir='ltr'><strong>haec</strong></span> <span class='ocrx_word' id='word_1_53' title='bbox 1285 1042 1378 1115; x_wconf 89' lang='lat' dir='ltr'><strong>sunt,</strong></span> <span class='ocrx_word' id='word_1_54' title='bbox 1402 1058 1472 1121; x_wconf 84' lang='lat' dir='ltr'><strong>qnae</strong></span> 
     </span>
     <span class='ocr_line' id='line_1_8' title="bbox 355 1141 1473 1225; baseline -0.002 -17"><span class='ocrx_word' id='word_1_55' title='bbox 355 1143 388 1208; x_wconf 87' lang='lat' dir='ltr'><strong>in</strong></span> <span class='ocrx_word' id='word_1_56' title='bbox 410 1143 611 1210; x_wconf 87' lang='lat' dir='ltr'><strong>festinatione</strong></span> <span class='ocrx_word' id='word_1_57' title='bbox 631 1142 798 1225; x_wconf 81' lang='lat' dir='ltr'><strong>perlatoris</strong></span> <span class='ocrx_word' id='word_1_58' title='bbox 820 1141 902 1207; x_wconf 86' lang='lat' dir='ltr'><strong>celer</strong></span> <span class='ocrx_word' id='word_1_59' title='bbox 931 1143 1058 1224; x_wconf 83' lang='lat' dir='ltr'><strong>scripsi,</strong></span> <span class='ocrx_word' id='word_1_60' title='bbox 1080 1144 1213 1225; x_wconf 79' lang='lat' dir='ltr'><strong>geminis</strong></span> <span class='ocrx_word' id='word_1_61' title='bbox 1242 1143 1382 1207; x_wconf 89' lang='lat' dir='ltr'><strong>stimulis</strong></span> <span class='ocrx_word' id='word_1_62' title='bbox 1404 1142 1473 1206; x_wconf 81' lang='lat' dir='ltr'><strong>ind·</strong></span> 
     </span>
     <span class='ocr_line' id='line_1_9' title="bbox 355 1245 1474 1330; baseline -0.004 -17"><span class='ocrx_word' id='word_1_63' title='bbox 355 1248 443 1313; x_wconf 88' lang='lat' dir='ltr'><strong>tatus</strong></span> <span class='ocrx_word' id='word_1_64' title='bbox 464 1248 517 1313; x_wconf 92' lang='lat' dir='ltr'><strong>uel</strong></span> <span class='ocrx_word' id='word_1_65' title='bbox 538 1246 767 1330; x_wconf 81' lang='lat' dir='ltr'><strong>properationis</strong></span> <span class='ocrx_word' id='word_1_66' title='bbox 796 1246 894 1311; x_wconf 83' lang='lat' dir='ltr'><strong>beiuli</strong></span> <span class='ocrx_word' id='word_1_67' title='bbox 921 1247 972 1311; x_wconf 91' lang='lat' dir='ltr'><strong>uel</strong></span> <span class='ocrx_word' id='word_1_68' title='bbox 995 1246 1116 1312; x_wconf 88' lang='lat' dir='ltr'><strong>doloris.</strong></span> <span class='ocrx_word' id='word_1_69' title='bbox 1159 1264 1230 1329; x_wconf 84' lang='lat' dir='ltr'><strong>ergo</strong></span> <span class='ocrx_word' id='word_1_70' title='bbox 1252 1246 1358 1312; x_wconf 88' lang='lat' dir='ltr'><strong>taedio</strong></span> <span class='ocrx_word' id='word_1_71' title='bbox 1384 1245 1474 1311; x_wconf 87' lang='lat' dir='ltr'><strong>animi</strong></span> 
     </span>
     <span class='ocr_line' id='line_1_10' title="bbox 355 1347 1472 1432; baseline -0.004 -18"><span class='ocrx_word' id='word_1_72' title='bbox 355 1351 418 1415; x_wconf 88' lang='lat' dir='ltr'><strong>mei</strong></span> <span class='ocrx_word' id='word_1_73' title='bbox 439 1350 578 1417; x_wconf 89' lang='lat' dir='ltr'><strong>remedia</strong></span> <span class='ocrx_word' id='word_1_74' title='bbox 599 1350 817 1415; x_wconf 88' lang='lat' dir='ltr'><strong>incunctanter</strong></span> <span class='ocrx_word' id='word_1_75' title='bbox 838 1347 993 1426; x_wconf 82' lang='lat' dir='ltr'><strong>adhibete,</strong></span> <span class='ocrx_word' id='word_1_76' title='bbox 1020 1350 1055 1413; x_wconf 88' lang='lat' dir='ltr'><strong>ut</strong></span> <span class='ocrx_word' id='word_1_77' title='bbox 1077 1350 1220 1432; x_wconf 88' lang='lat' dir='ltr'><strong>quamuis</strong></span> <span class='ocrx_word' id='word_1_78' title='bbox 1243 1348 1404 1414; x_wconf 81' lang='lat' dir='ltr'><strong>defuerint</strong></span> <span class='ocrx_word' id='word_1_79' title='bbox 1424 1348 1472 1411; x_wconf 83' lang='lat' dir='ltr'><strong>ln·</strong></span> 
     </span>
     <span class='ocr_line' id='line_1_11' title="bbox 356 1449 1488 1535; baseline -0.008 -16"><span class='ocrx_word' id='word_1_80' title='bbox 356 1456 463 1519; x_wconf 77' lang='lat' dir='ltr'><strong>ctenm</strong></span> <span class='ocrx_word' id='word_1_81' title='bbox 487 1452 647 1521; x_wconf 83' lang='lat' dir='ltr'><strong>affectioni</strong></span> <span class='ocrx_word' id='word_1_82' title='bbox 669 1451 785 1535; x_wconf 85' lang='lat' dir='ltr'><strong>pabula</strong></span> <span class='ocrx_word' id='word_1_83' title='bbox 807 1469 872 1527; x_wconf 78' lang='lat' dir='ltr'><strong>sua,</strong></span> <span class='ocrx_word' id='word_1_84' title='bbox 901 1449 935 1514; x_wconf 91' lang='lat' dir='ltr'><strong>in</strong></span> <span class='ocrx_word' id='word_1_85' title='bbox 960 1451 1096 1515; x_wconf 87' lang='lat' dir='ltr'><strong>statione</strong></span> <span class='ocrx_word' id='word_1_86' title='bbox 1118 1468 1183 1516; x_wconf 89' lang='lat' dir='ltr'><strong>esse</strong></span> <span class='ocrx_word' id='word_1_87' title='bbox 1198 1455 1306 1516; x_wconf 90' lang='lat' dir='ltr'><strong>tamen</strong></span> <span class='ocrx_word' id='word_1_88' title='bbox 1322 1451 1488 1533; x_wconf 75' lang='lat' dir='ltr'><strong>promissor</strong></span> 
     </span>
     <span class='ocr_line' id='line_1_12' title="bbox 356 1552 1471 1635; baseline -0.004 -14"><span class='ocrx_word' id='word_1_89' title='bbox 356 1556 468 1623; x_wconf 88' lang='lat' dir='ltr'><strong>caritas</strong></span> <span class='ocrx_word' id='word_1_90' title='bbox 489 1557 674 1623; x_wconf 88' lang='lat' dir='ltr'><strong>innotescat.</strong></span> <span class='ocrx_word' id='word_1_91' title='bbox 718 1554 842 1621; x_wconf 89' lang='lat' dir='ltr'><strong>demine</strong></span> <span class='ocrx_word' id='word_1_92' title='bbox 868 1556 931 1631; x_wconf 79' lang='lat' dir='ltr'><strong>mi,</strong></span> <span class='ocrx_word' id='word_1_93' title='bbox 961 1552 1096 1618; x_wconf 90' lang='lat' dir='ltr'><strong>salntem</strong></span> <span class='ocrx_word' id='word_1_94' title='bbox 1124 1554 1345 1635; x_wconf 84' lang='lat' dir='ltr'><strong>plenissimam</strong></span> <span class='ocrx_word' id='word_1_95' title='bbox 1375 1554 1471 1619; x_wconf 85' lang='lat' dir='ltr'><strong>dicens</strong></span> 
     </span>
     <span class='ocr_line' id='line_1_13' title="bbox 355 1654 1469 1740; baseline -0.005 -17"><span class='ocrx_word' id='word_1_96' title='bbox 355 1677 476 1740; x_wconf 82' lang='lat' dir='ltr'><strong>quaeso,</strong></span> <span class='ocrx_word' id='word_1_97' title='bbox 499 1662 535 1724; x_wconf 90' lang='lat' dir='ltr'><strong>nt</strong></span> <span class='ocrx_word' id='word_1_98' title='bbox 559 1657 764 1740; x_wconf 83' lang='lat' dir='ltr'><strong>expectationi</strong></span> <span class='ocrx_word' id='word_1_99' title='bbox 782 1674 871 1722; x_wconf 89' lang='lat' dir='ltr'><strong>meae</strong></span> <span class='ocrx_word' id='word_1_100' title='bbox 892 1656 975 1739; x_wconf 90' lang='lat' dir='ltr'><strong>quod</strong></span> <span class='ocrx_word' id='word_1_101' title='bbox 990 1654 1106 1721; x_wconf 79' lang='lat' dir='ltr'><strong>suffieit</strong></span> <span class='ocrx_word' id='word_1_102' title='bbox 1125 1656 1271 1740; x_wconf 86' lang='lat' dir='ltr'><strong>loquendi</strong></span> <span class='ocrx_word' id='word_1_103' title='bbox 1285 1657 1469 1739; x_wconf 87' lang='lat' dir='ltr'><strong>peritissimo</strong></span> 
     </span>
     <span class='ocr_line' id='line_1_14' title="bbox 356 1762 580 1844; baseline 0 -19"><span class='ocrx_word' id='word_1_104' title='bbox 356 1779 417 1825; x_wconf 91' lang='lat' dir='ltr'><strong>non</strong></span> <span class='ocrx_word' id='word_1_105' title='bbox 441 1762 580 1844; x_wconf 83' lang='lat' dir='ltr'><strong>negetur.</strong></span> 
     </span>
    </p>
   </div>
   <div class='ocr_carea' id='block_1_3' title="bbox 879 1945 952 2012">
    <p class='ocr_par' dir='ltr' id='par_1_3' title="bbox 879 1945 952 2012">
     <span class='ocr_line' id='line_1_15' title="bbox 879 1945 952 2012; baseline 0.027 -2"><span class='ocrx_word' id='word_1_106' title='bbox 879 1945 952 2012; x_wconf 88' lang='lat' dir='ltr'>XII.</span> 
     </span>
    </p>
   </div>
   <div class='ocr_carea' id='block_1_4' title="bbox 610 2098 1488 2157">
    <p class='ocr_par' dir='ltr' id='par_1_4' title="bbox 610 2098 1488 2157">
     <span class='ocr_line' id='line_1_16' title="bbox 610 2098 1488 2157; baseline -0.008 -1"><span class='ocrx_word' id='word_1_107' title='bbox 610 2100 792 2157; x_wconf 77' lang='lat' dir='ltr'><strong>uNNomvs</strong></span> <span class='ocrx_word' id='word_1_108' title='bbox 819 2100 1031 2157; x_wconf 77' lang='lat' dir='ltr'><strong>Hoamsosu</strong></span> <span class='ocrx_word' id='word_1_109' title='bbox 1055 2098 1221 2156; x_wconf 77' lang='lat' dir='ltr'><strong>niucoNO.</strong></span> <span class='ocrx_word' id='word_1_110' title='bbox 1478 2113 1488 2149; x_wconf 88' lang='lat' dir='ltr'><strong>u</strong></span> 
     </span>
    </p>
   </div>
   <div class='ocr_carea' id='block_1_5' title="bbox 355 2222 1488 3128">
    <p class='ocr_par' dir='ltr' id='par_1_5' title="bbox 355 2222 1488 3128">
     <span class='ocr_line' id='line_1_17' title="bbox 398 2222 1472 2308; baseline -0.003 -19"><span class='ocrx_word' id='word_1_111' title='bbox 398 2222 512 2289; x_wconf 89' lang='lat' dir='ltr'><strong>Nullus</strong></span> <span class='ocrx_word' id='word_1_112' title='bbox 541 2226 715 2289; x_wconf 88' lang='lat' dir='ltr'><strong>remaneret</strong></span> <span class='ocrx_word' id='word_1_113' title='bbox 746 2225 900 2308; x_wconf 89' lang='lat' dir='ltr'><strong>imperitis</strong></span> <span class='ocrx_word' id='word_1_114' title='bbox 929 2224 1014 2289; x_wconf 90' lang='lat' dir='ltr'><strong>locus</strong></span> <span class='ocrx_word' id='word_1_115' title='bbox 1043 2224 1167 2301; x_wconf 85' lang='lat' dir='ltr'><strong>neniae,</strong></span> <span class='ocrx_word' id='word_1_116' title='bbox 1197 2224 1224 2288; x_wconf 93' lang='lat' dir='ltr'><strong>si</strong></span> <span class='ocrx_word' id='word_1_117' title='bbox 1252 2224 1346 2305; x_wconf 88' lang='lat' dir='ltr'><strong>plura</strong></span> <span class='ocrx_word' id='word_1_118' title='bbox 1375 2224 1472 2305; x_wconf 80' lang='lat' dir='ltr'><strong>loque</strong></span> 
     </span>
     <span class='ocr_line' id='line_1_18' title="bbox 356 2325 1472 2409; baseline -0.001 -19"><span class='ocrx_word' id='word_1_119' title='bbox 356 2329 478 2391; x_wconf 90' lang='lat' dir='ltr'><strong>rentur:</strong></span> <span class='ocrx_word' id='word_1_120' title='bbox 502 2326 567 2392; x_wconf 88' lang='lat' dir='ltr'><strong>sola</strong></span> <span class='ocrx_word' id='word_1_121' title='bbox 589 2326 729 2392; x_wconf 89' lang='lat' dir='ltr'><strong>breuitas</strong></span> <span class='ocrx_word' id='word_1_122' title='bbox 753 2328 951 2393; x_wconf 85' lang='lat' dir='ltr'><strong>commendat</strong></span> <span class='ocrx_word' id='word_1_123' title='bbox 973 2325 1121 2392; x_wconf 87' lang='lat' dir='ltr'><strong>indoctos.</strong></span> <span class='ocrx_word' id='word_1_124' title='bbox 1156 2343 1250 2409; x_wconf 85' lang='lat' dir='ltr'><strong>supra</strong></span> <span class='ocrx_word' id='word_1_125' title='bbox 1272 2344 1411 2392; x_wconf 87' lang='lat' dir='ltr'><strong>errorem</strong></span> <span class='ocrx_word' id='word_1_126' title='bbox 1431 2331 1472 2389; x_wconf 87' lang='lat' dir='ltr'><strong>oet</strong></span> 
     </span>
     <span class='ocr_line' id='line_1_19' title="bbox 355 2428 1471 2512; baseline -0.002 -19"><span class='ocrx_word' id='word_1_127' title='bbox 355 2428 474 2510; x_wconf 89' lang='lat' dir='ltr'><strong>prolixa</strong></span> <span class='ocrx_word' id='word_1_128' title='bbox 495 2429 634 2495; x_wconf 89' lang='lat' dir='ltr'><strong>narratio</strong></span> <span class='ocrx_word' id='word_1_129' title='bbox 650 2429 845 2495; x_wconf 86' lang='lat' dir='ltr'><strong>rusticantis:</strong></span> <span class='ocrx_word' id='word_1_130' title='bbox 869 2432 992 2511; x_wconf 87' lang='lat' dir='ltr'><strong>qnando</strong></span> <span class='ocrx_word' id='word_1_131' title='bbox 1013 2428 1053 2494; x_wconf 88' lang='lat' dir='ltr'><strong>ab</strong></span> <span class='ocrx_word' id='word_1_132' title='bbox 1069 2429 1177 2512; x_wconf 83' lang='lat' dir='ltr'><strong>ignaro</strong></span> <span class='ocrx_word' id='word_1_133' title='bbox 1201 2430 1362 2494; x_wconf 84' lang='lat' dir='ltr'><strong>extortum</strong></span> <span class='ocrx_word' id='word_1_134' title='bbox 1384 2428 1471 2493; x_wconf 79' lang='lat' dir='ltr'><strong>inerit</strong></span> 
     </span>
     <span class='ocr_line' id='line_1_20' title="bbox 355 2530 1473 2614; baseline 0.001 -19"><span class='ocrx_word' id='word_1_135' title='bbox 355 2532 436 2613; x_wconf 90' lang='lat' dir='ltr'><strong>quod</strong></span> <span class='ocrx_word' id='word_1_136' title='bbox 458 2530 512 2596; x_wconf 92' lang='lat' dir='ltr'><strong>diu</strong></span> <span class='ocrx_word' id='word_1_137' title='bbox 534 2532 673 2614; x_wconf 83' lang='lat' dir='ltr'><strong>legatur,</strong></span> <span class='ocrx_word' id='word_1_138' title='bbox 703 2532 764 2595; x_wconf 90' lang='lat' dir='ltr'><strong>sibi</strong></span> <span class='ocrx_word' id='word_1_139' title='bbox 785 2549 947 2596; x_wconf 89' lang='lat' dir='ltr'><strong>rancorem</strong></span> <span class='ocrx_word' id='word_1_140' title='bbox 975 2548 1066 2596; x_wconf 91' lang='lat' dir='ltr'><strong>snum</strong></span> <span class='ocrx_word' id='word_1_141' title='bbox 1095 2531 1188 2597; x_wconf 88' lang='lat' dir='ltr'><strong>debet</strong></span> <span class='ocrx_word' id='word_1_142' title='bbox 1216 2535 1349 2596; x_wconf 72' lang='lat' dir='ltr'><strong>macter.</strong></span> <span class='ocrx_word' id='word_1_143' title='bbox 1395 2532 1473 2614; x_wconf 89' lang='lat' dir='ltr'><strong>quis-</strong></span> 
     </span>
     <span class='ocr_line' id='line_1_21' title="bbox 355 2634 1488 2718; baseline -0.004 -17"><span class='ocrx_word' id='word_1_144' title='bbox 355 2654 488 2718; x_wconf 88' lang='lat' dir='ltr'><strong>quamne</strong></span> <span class='ocrx_word' id='word_1_145' title='bbox 517 2636 680 2702; x_wconf 92' lang='lat' dir='ltr'><strong>hominum</strong></span> <span class='ocrx_word' id='word_1_146' title='bbox 710 2635 743 2701; x_wconf 92' lang='lat' dir='ltr'><strong>in</strong></span> <span class='ocrx_word' id='word_1_147' title='bbox 771 2636 901 2717; x_wconf 75' lang='lat' dir='ltr'><strong>longum</strong></span> <span class='ocrx_word' id='word_1_148' title='bbox 935 2637 1005 2700; x_wconf 87' lang='lat' dir='ltr'><strong>nult</strong></span> <span class='ocrx_word' id='word_1_149' title='bbox 1036 2634 1225 2701; x_wconf 84' lang='lat' dir='ltr'><strong>fastidienda</strong></span> <span class='ocrx_word' id='word_1_150' title='bbox 1252 2634 1419 2717; x_wconf 88' lang='lat' dir='ltr'><strong>procedere</strong></span> <span class='ocrx_word' id='word_1_151' title='bbox 1446 2643 1488 2697; x_wconf 77' lang='lat' dir='ltr'><strong>eta</strong></span> 
     </span>
     <span class='ocr_line' id='line_1_22' title="bbox 355 2736 1471 2821; baseline -0.005 -16"><span class='ocrx_word' id='word_1_152' title='bbox 355 2738 441 2805; x_wconf 90' lang='lat' dir='ltr'><strong>nullo</strong></span> <span class='ocrx_word' id='word_1_153' title='bbox 456 2757 563 2821; x_wconf 88' lang='lat' dir='ltr'><strong>sapore</strong></span> <span class='ocrx_word' id='word_1_154' title='bbox 580 2738 705 2805; x_wconf 87' lang='lat' dir='ltr'><strong>condita</strong></span> <span class='ocrx_word' id='word_1_155' title='bbox 719 2738 830 2803; x_wconf 91' lang='lat' dir='ltr'><strong>breues</strong></span> <span class='ocrx_word' id='word_1_156' title='bbox 844 2736 993 2803; x_wconf 84' lang='lat' dir='ltr'><strong>terminos</strong></span> <span class='ocrx_word' id='word_1_157' title='bbox 1010 2755 1070 2803; x_wconf 91' lang='lat' dir='ltr'><strong>non</strong></span> <span class='ocrx_word' id='word_1_158' title='bbox 1089 2738 1224 2803; x_wconf 74' lang='lat' dir='ltr'><strong>habero?</strong></span> <span class='ocrx_word' id='word_1_159' title='bbox 1245 2736 1390 2801; x_wconf 87' lang='lat' dir='ltr'><strong>Romana</strong></span> <span class='ocrx_word' id='word_1_160' title='bbox 1411 2737 1471 2818; x_wconf 79' lang='lat' dir='ltr'><strong>loe,</strong></span> 
     </span>
     <span class='ocr_line' id='line_1_23' title="bbox 356 2837 1472 2924; baseline -0.003 -18"><span class='ocrx_word' id='word_1_161' title='bbox 356 2840 462 2921; x_wconf 82' lang='lat' dir='ltr'><strong>frater,</strong></span> <span class='ocrx_word' id='word_1_162' title='bbox 486 2844 517 2907; x_wconf 90' lang='lat' dir='ltr'><strong>et</strong></span> <span class='ocrx_word' id='word_1_163' title='bbox 540 2841 672 2907; x_wconf 90' lang='lat' dir='ltr'><strong>nimium</strong></span> <span class='ocrx_word' id='word_1_164' title='bbox 697 2840 811 2906; x_wconf 88' lang='lat' dir='ltr'><strong>artifici</strong></span> <span class='ocrx_word' id='word_1_165' title='bbox 832 2838 1010 2905; x_wconf 86' lang='lat' dir='ltr'><strong>subtilitate</strong></span> <span class='ocrx_word' id='word_1_166' title='bbox 1031 2837 1198 2924; x_wconf 80' lang='lat' dir='ltr'><strong>flagitasti:</strong></span> <span class='ocrx_word' id='word_1_167' title='bbox 1221 2839 1275 2903; x_wconf 90' lang='lat' dir='ltr'><strong>sed</strong></span> <span class='ocrx_word' id='word_1_168' title='bbox 1299 2854 1355 2903; x_wconf 88' lang='lat' dir='ltr'><strong>nos</strong></span> <span class='ocrx_word' id='word_1_169' title='bbox 1371 2844 1472 2905; x_wconf 81' lang='lat' dir='ltr'><strong>contra</strong></span> 
     </span>
     <span class='ocr_line' id='line_1_24' title="bbox 355 2941 1471 3027; baseline -0.003 -20"><span class='ocrx_word' id='word_1_170' title='bbox 355 2943 520 3009; x_wconf 85' lang='lat' dir='ltr'><strong>fabricatos</strong></span> <span class='ocrx_word' id='word_1_171' title='bbox 541 2945 645 3009; x_wconf 89' lang='lat' dir='ltr'><strong>munit</strong></span> <span class='ocrx_word' id='word_1_172' title='bbox 668 2942 854 3025; x_wconf 89' lang='lat' dir='ltr'><strong>simplicitas</strong></span> <span class='ocrx_word' id='word_1_173' title='bbox 876 2942 973 3007; x_wconf 90' lang='lat' dir='ltr'><strong>nullis</strong></span> <span class='ocrx_word' id='word_1_174' title='bbox 996 2942 1135 3008; x_wconf 87' lang='lat' dir='ltr'><strong>colorata</strong></span> <span class='ocrx_word' id='word_1_175' title='bbox 1149 2941 1337 3027; x_wconf 79' lang='lat' dir='ltr'><strong>praestigiis.</strong></span> <span class='ocrx_word' id='word_1_176' title='bbox 1363 2941 1471 3006; x_wconf 86' lang='lat' dir='ltr'><strong>etenim</strong></span> 
     </span>
     <span class='ocr_line' id='line_1_25' title="bbox 356 3044 1471 3128; baseline -0.003 -19"><span class='ocrx_word' id='word_1_177' title='bbox 356 3046 499 3126; x_wconf 86' lang='lat' dir='ltr'><strong>quamuis</strong></span> <span class='ocrx_word' id='word_1_178' title='bbox 521 3064 571 3109; x_wconf 89' lang='lat' dir='ltr'><strong>me</strong></span> <span class='ocrx_word' id='word_1_179' title='bbox 594 3044 759 3111; x_wconf 88' lang='lat' dir='ltr'><strong>delenifica</strong></span> <span class='ocrx_word' id='word_1_180' title='bbox 780 3044 928 3128; x_wconf 90' lang='lat' dir='ltr'><strong>epistolae</strong></span> <span class='ocrx_word' id='word_1_181' title='bbox 950 3046 1022 3109; x_wconf 88' lang='lat' dir='ltr'><strong>tuae</strong></span> <span class='ocrx_word' id='word_1_182' title='bbox 1040 3044 1178 3110; x_wconf 89' lang='lat' dir='ltr'><strong>oratione</strong></span> <span class='ocrx_word' id='word_1_183' title='bbox 1201 3045 1392 3127; x_wconf 85' lang='lat' dir='ltr'><strong>produxeris,</strong></span> <span class='ocrx_word' id='word_1_184' title='bbox 1416 3044 1471 3107; x_wconf 91' lang='lat' dir='ltr'><strong>mei</strong></span> 
     </span>
    </p>
   </div>
   <div class='ocr_carea' id='block_1_6' title="bbox 355 3146 1488 3626">
    <p class='ocr_par' dir='ltr' id='par_1_6' title="bbox 355 3146 1488 3626">
     <span class='ocr_line' id='line_1_26' title="bbox 356 3146 1488 3241; baseline 0.001 -30"><span class='ocrx_word' id='word_1_185' title='bbox 356 3148 569 3212; x_wconf 88' lang='lat' dir='ltr'><strong>immemorem</strong></span> <span class='ocrx_word' id='word_1_186' title='bbox 590 3165 652 3211; x_wconf 93' lang='lat' dir='ltr'><strong>non</strong></span> <span class='ocrx_word' id='word_1_187' title='bbox 675 3146 787 3213; x_wconf 86' lang='lat' dir='ltr'><strong>fecisti.</strong></span> <span class='ocrx_word' id='word_1_188' title='bbox 825 3148 889 3212; x_wconf 88' lang='lat' dir='ltr'><strong>seio</strong></span> <span class='ocrx_word' id='word_1_189' title='bbox 910 3151 1013 3212; x_wconf 83' lang='lat' dir='ltr'><strong>artare</strong></span> <span class='ocrx_word' id='word_1_190' title='bbox 1035 3148 1199 3233; x_wconf 80' lang='lat' dir='ltr'><strong>paginam,</strong></span> <span class='ocrx_word' id='word_1_191' title='bbox 1227 3146 1320 3241; x_wconf 74' lang='lat' dir='ltr'><strong>cuins</strong></span> <span class='ocrx_word' id='word_1_192' title='bbox 1338 3148 1488 3231; x_wconf 78' lang='lat' dir='ltr'><strong>pretium·</strong></span> 
     </span>
     <span class='ocr_line' id='line_1_27' title="bbox 355 3249 1470 3334; baseline 0 -21"><span class='ocrx_word' id='word_1_193' title='bbox 355 3249 568 3333; x_wconf 82' lang='lat' dir='ltr'><strong>promulgator</strong></span> <span class='ocrx_word' id='word_1_194' title='bbox 590 3250 749 3334; x_wconf 84' lang='lat' dir='ltr'><strong>intellego.</strong></span> <span class='ocrx_word' id='word_1_195' title='bbox 794 3250 918 3315; x_wconf 89' lang='lat' dir='ltr'><strong>noueris</strong></span> <span class='ocrx_word' id='word_1_196' title='bbox 942 3269 993 3316; x_wconf 89' lang='lat' dir='ltr'><strong>me</strong></span> <span class='ocrx_word' id='word_1_197' title='bbox 1014 3252 1120 3317; x_wconf 88' lang='lat' dir='ltr'><strong>tamen</strong></span> <span class='ocrx_word' id='word_1_198' title='bbox 1148 3250 1226 3315; x_wconf 90' lang='lat' dir='ltr'><strong>meis</strong></span> <span class='ocrx_word' id='word_1_199' title='bbox 1248 3249 1393 3334; x_wconf 89' lang='lat' dir='ltr'><strong>partibus</strong></span> <span class='ocrx_word' id='word_1_200' title='bbox 1415 3268 1470 3314; x_wconf 93' lang='lat' dir='ltr'><strong>non</strong></span> 
     </span>
     <span class='ocr_line' id='line_1_28' title="bbox 355 3352 1469 3435; baseline -0.004 -18"><span class='ocrx_word' id='word_1_201' title='bbox 355 3352 475 3431; x_wconf 81' lang='lat' dir='ltr'><strong>deesse,</strong></span> <span class='ocrx_word' id='word_1_202' title='bbox 510 3352 651 3435; x_wconf 84' lang='lat' dir='ltr'><strong>quamuis</strong></span> <span class='ocrx_word' id='word_1_203' title='bbox 682 3356 772 3419; x_wconf 90' lang='lat' dir='ltr'><strong>nocet</strong></span> <span class='ocrx_word' id='word_1_204' title='bbox 804 3352 837 3417; x_wconf 90' lang='lat' dir='ltr'><strong>in</strong></span> <span class='ocrx_word' id='word_1_205' title='bbox 869 3354 1008 3418; x_wconf 88' lang='lat' dir='ltr'><strong>medium</strong></span> <span class='ocrx_word' id='word_1_206' title='bbox 1041 3352 1074 3417; x_wconf 93' lang='lat' dir='ltr'><strong>et</strong></span> <span class='ocrx_word' id='word_1_207' title='bbox 1105 3353 1241 3418; x_wconf 86' lang='lat' dir='ltr'><strong>urbanus</strong></span> <span class='ocrx_word' id='word_1_208' title='bbox 1274 3356 1306 3418; x_wconf 90' lang='lat' dir='ltr'><strong>et</strong></span> <span class='ocrx_word' id='word_1_209' title='bbox 1334 3352 1469 3417; x_wconf 87' lang='lat' dir='ltr'><strong>clericus.</strong></span> 
     </span>
     <span class='ocr_line' id='line_1_29' title="bbox 355 3454 1468 3540; baseline -0.004 -20"><span class='ocrx_word' id='word_1_210' title='bbox 355 3454 408 3520; x_wconf 89' lang='lat' dir='ltr'><strong>sed</strong></span> <span class='ocrx_word' id='word_1_211' title='bbox 424 3454 497 3537; x_wconf 91' lang='lat' dir='ltr'><strong>quid</strong></span> <span class='ocrx_word' id='word_1_212' title='bbox 512 3455 646 3539; x_wconf 88' lang='lat' dir='ltr'><strong>produco</strong></span> <span class='ocrx_word' id='word_1_213' title='bbox 662 3456 819 3540; x_wconf 79' lang='lat' dir='ltr'><strong>peginam,</strong></span> <span class='ocrx_word' id='word_1_214' title='bbox 835 3457 922 3521; x_wconf 89' lang='lat' dir='ltr'><strong>cuius</strong></span> <span class='ocrx_word' id='word_1_215' title='bbox 936 3457 1075 3537; x_wconf 82' lang='lat' dir='ltr'><strong>superius</strong></span> <span class='ocrx_word' id='word_1_216' title='bbox 1091 3456 1270 3539; x_wconf 83' lang='lat' dir='ltr'><strong>angustiam</strong></span> <span class='ocrx_word' id='word_1_217' title='bbox 1282 3454 1468 3538; x_wconf 79' lang='lat' dir='ltr'><strong>pollicebar?</strong></span> 
     </span>
     <span class='ocr_line' id='line_1_30' title="bbox 355 3557 1469 3626; baseline -0.003 -3"><span class='ocrx_word' id='word_1_218' title='bbox 355 3557 431 3625; x_wconf 91' lang='lat' dir='ltr'><strong>haee</strong></span> <span class='ocrx_word' id='word_1_219' title='bbox 449 3557 527 3625; x_wconf 90' lang='lat' dir='ltr'><strong>mibi</strong></span> <span class='ocrx_word' id='word_1_220' title='bbox 541 3576 612 3625; x_wconf 85' lang='lat' dir='ltr'><strong>cum</strong></span> <span class='ocrx_word' id='word_1_221' title='bbox 631 3562 758 3624; x_wconf 86' lang='lat' dir='ltr'><strong>amante</strong></span> <span class='ocrx_word' id='word_1_222' title='bbox 772 3560 975 3626; x_wconf 88' lang='lat' dir='ltr'><strong>concertatio:</strong></span> <span class='ocrx_word' id='word_1_223' title='bbox 998 3558 1071 3625; x_wconf 85' lang='lat' dir='ltr'><strong>talis</strong></span> <span class='ocrx_word' id='word_1_224' title='bbox 1089 3558 1210 3624; x_wconf 81' lang='lat' dir='ltr'><strong>frustm</strong></span> <span class='ocrx_word' id='word_1_225' title='bbox 1225 3558 1273 3624; x_wconf 89' lang='lat' dir='ltr'><strong>ost</strong></span> <span class='ocrx_word' id='word_1_226' title='bbox 1286 3557 1469 3623; x_wconf 86' lang='lat' dir='ltr'><strong>litterarum.</strong></span> 
     </span>
    </p>
   </div>
   <div class='ocr_carea' id='block_1_7' title="bbox 405 3792 1472 3866">
    <p class='ocr_par' dir='ltr' id='par_1_7' title="bbox 405 3792 1472 3866">
     <span class='ocr_line' id='line_1_31' title="bbox 405 3792 1472 3866; baseline -0.007 -15"><span class='ocrx_word' id='word_1_227' title='bbox 405 3795 616 3866; x_wconf 64' lang='lat' dir='ltr'><strong>2denegens111</strong></span> <span class='ocrx_word' id='word_1_228' title='bbox 712 3794 882 3864; x_wconf 72' lang='lat' dir='ltr'><strong>bueconem</strong></span> <span class='ocrx_word' id='word_1_229' title='bbox 902 3794 957 3849; x_wconf 75' lang='lat' dir='ltr'><strong>TV</strong></span> <span class='ocrx_word' id='word_1_230' title='bbox 1047 3795 1129 3849; x_wconf 78' lang='lat' dir='ltr'><strong>(inca</strong></span> <span class='ocrx_word' id='word_1_231' title='bbox 1145 3809 1198 3849; x_wconf 83' lang='lat' dir='ltr'><strong>nen</strong></span> <span class='ocrx_word' id='word_1_232' title='bbox 1214 3793 1280 3859; x_wconf 82' lang='lat' dir='ltr'><strong>fort.</strong></span> <span class='ocrx_word' id='word_1_233' title='bbox 1376 3792 1472 3846; x_wconf 83' lang='lat' dir='ltr'><strong>‘linei-</strong></span> 
     </span>
    </p>
   </div>
   <div class='ocr_carea' id='block_1_8' title="bbox 354 3879 1472 4091">
    <p class='ocr_par' dir='ltr' id='par_1_8' title="bbox 354 3879 1472 4091">
     <span class='ocr_line' id='line_1_32' title="bbox 354 3879 1472 3986; baseline -0.004 -18"><span class='ocrx_word' id='word_1_234' title='bbox 354 3916 438 3985; x_wconf 71' lang='lat' dir='ltr'><strong>essue]</strong></span> <span class='ocrx_word' id='word_1_235' title='bbox 457 3918 578 3985; x_wconf 61' lang='lat' dir='ltr'><strong>seusus</strong></span> <span class='ocrx_word' id='word_1_236' title='bbox 598 3916 623 3968; x_wconf 84' lang='lat' dir='ltr'><strong>r</strong></span> <span class='ocrx_word' id='word_1_237' title='bbox 713 3916 882 3971; x_wconf 75' lang='lat' dir='ltr'><strong>coemerint</strong></span> <span class='ocrx_word' id='word_1_238' title='bbox 902 3917 923 3984; x_wconf 86' lang='grc' dir='ltr'><strong>(ι</strong></span> <span class='ocrx_word' id='word_1_239' title='bbox 941 3931 974 3971; x_wconf 72' lang='lat' dir='ltr'><strong>ee</strong></span> <span class='ocrx_word' id='word_1_240' title='bbox 991 3931 1006 3970; x_wconf 81' lang='lat' dir='ltr'><strong>e</strong></span> <span class='ocrx_word' id='word_1_241' title='bbox 1023 3918 1104 3986; x_wconf 66' lang='lat' dir='ltr'><strong>een.)</strong></span> <span class='ocrx_word' id='word_1_242' title='bbox 1123 3916 1150 3971; x_wconf 82' lang='lat' dir='ltr'><strong>n</strong></span> <span class='ocrx_word' id='word_1_243' title='bbox 1253 3915 1284 3969; x_wconf 94' lang='lat'><strong>11</strong></span> <span class='ocrx_word' id='word_1_244' title='bbox 1303 3879 1331 3967; x_wconf 74' lang='lat' dir='ltr'><strong>ri</strong></span> <span class='ocrx_word' id='word_1_245' title='bbox 1351 3914 1381 3979; x_wconf 85' lang='lat' dir='ltr'><strong>r,</strong></span> <span class='ocrx_word' id='word_1_246' title='bbox 1408 3912 1472 3967; x_wconf 71' lang='lat' dir='ltr'><strong>mni</strong></span> 
     </span>
     <span class='ocr_line' id='line_1_33' title="bbox 356 4016 826 4091; baseline 0.004 -20"><span class='ocrx_word' id='word_1_247' title='bbox 356 4016 442 4087; x_wconf 47' lang='grc' dir='ltr'><strong>Νι·</strong></span> <span class='ocrx_word' id='word_1_248' title='bbox 512 4020 545 4075; x_wconf 83' lang='grc'><strong>12</strong></span> <span class='ocrx_word' id='word_1_249' title='bbox 562 4020 752 4091; x_wconf 74' lang='lat' dir='ltr'><strong>exspectationi</strong></span> <span class='ocrx_word' id='word_1_250' title='bbox 767 4018 826 4075; x_wconf 85' lang='lat' dir='ltr'><strong>LV</strong></span> 
     </span>
    </p>
   </div>
   <div class='ocr_carea' id='block_1_9' title="bbox 354 4138 1468 4330">
    <p class='ocr_par' dir='ltr' id='par_1_9' title="bbox 354 4138 1468 4330">
     <span class='ocr_line' id='line_1_34' title="bbox 405 4138 1468 4213; baseline -0.002 -18"><span class='ocrx_word' id='word_1_251' title='bbox 405 4138 470 4195; x_wconf 86' lang='lat' dir='ltr'><strong>XII.</strong></span> <span class='ocrx_word' id='word_1_252' title='bbox 506 4140 538 4196; x_wconf 84' lang='lat'><strong>15</strong></span> <span class='ocrx_word' id='word_1_253' title='bbox 555 4141 734 4197; x_wconf 79' lang='lat' dir='ltr'><strong>hormisdeT</strong></span> <span class='ocrx_word' id='word_1_254' title='bbox 820 4142 855 4197; x_wconf 87' lang='grc'><strong>18</strong></span> <span class='ocrx_word' id='word_1_255' title='bbox 871 4141 1025 4213; x_wconf 58' lang='grc' dir='ltr'><strong>ἰςιιιιιιοξῑι</strong></span> <span class='ocrx_word' id='word_1_256' title='bbox 1109 4139 1275 4197; x_wconf 79' lang='lat' dir='ltr'><strong>exortumT</strong></span> <span class='ocrx_word' id='word_1_257' title='bbox 1362 4139 1397 4194; x_wconf 76' lang='lat'><strong>24</strong></span> <span class='ocrx_word' id='word_1_258' title='bbox 1412 4154 1468 4208; x_wconf 92' lang='lat' dir='ltr'><strong>pro·</strong></span> 
     </span>
     <span class='ocr_line' id='line_1_35' title="bbox 354 4228 1439 4330; baseline -0.004 -14"><span class='ocrx_word' id='word_1_259' title='bbox 354 4260 496 4317; x_wconf 74' lang='lat' dir='ltr'><strong>messa</strong></span> <span class='ocrx_word' id='word_1_260' title='bbox 593 4260 765 4330; x_wconf 63' lang='lat' dir='ltr'><strong>mesecin,</strong></span> <span class='ocrx_word' id='word_1_261' title='bbox 792 4228 955 4319; x_wconf 70' lang='lat' dir='ltr'><strong>demini</strong></span> <span class='ocrx_word' id='word_1_262' title='bbox 976 4262 1090 4328; x_wconf 71' lang='lat' dir='ltr'><strong>neca,</strong></span> <span class='ocrx_word' id='word_1_263' title='bbox 1116 4260 1204 4317; x_wconf 73' lang='lat' dir='ltr'><strong>men</strong></span> <span class='ocrx_word' id='word_1_264' title='bbox 1288 4259 1439 4328; x_wconf 57' lang='lat' dir='ltr'><strong>ammeta</strong></span> 
     </span>
    </p>
   </div>
   <div class='ocr_carea' id='block_1_10' title="bbox 0 0 1500 4967">
    <p class='ocr_par' dir='ltr' id='par_1_10' title="bbox 0 0 1500 4967">
     <span class='ocr_line' id='line_1_36' title="bbox 0 0 1500 4967; baseline 0 0"><span class='ocrx_word' id='word_1_265' title='bbox 0 0 1500 4967; x_wconf 95' lang='lat' dir='ltr'><strong> </strong></span> 
     </span>
    </p>
   </div>
  </div>
 </body>
</html>
