2992 4967
286 362 349 430 342
643 354 760 428 Magni
777 356 904 412 Felicis
921 356 1051 411 Ennodi

285 551 376 617 nobie
390 548 492 635 magis
508 564 602 632 quarn
616 548 746 615 iubendi
762 548 926 614 habuerim
939 548 1146 628 uoluntatem,
1168 546 1290 612 mutari
1306 549 1426 609 tannen

286 674 341 737 per
363 650 502 717 officium
531 668 704 734 personam,
735 652 892 717 seruiendi
924 651 1066 717 animum
1091 669 1153 717 non
1176 650 1276 716 omisi.
1314 651 1424 714 estote

286 756 424 841 pacifici,
459 756 559 821 estote
587 754 780 835 unianimes,
817 772 894 820 onus
916 773 1023 820 meum
1044 772 1170 821 mecum
1190 752 1339 818 diuidite:
1381 750 1425 816 fit

286 858 371 923 enim
400 858 440 923 ed
474 860 659 941 portandum
692 856 794 923 facite
827 858 967 935 sarcina,
999 876 1094 941 qnam
1126 857 1298 923 multorum
1331 854 1426 920 eolla

287 964 473 1028 sustentant.
512 978 616 1027 meam
643 962 730 1027 uotis
752 962 1002 1028 communionem
1024 962 1210 1027 serneudam
1231 978 1305 1025 curn
1324 956 1460 1022 omnis

285 1062 465 1132 humilitate
487 1066 652 1149 polliceor,
675 1082 774 1148 neque
796 1064 939 1130 iutnrnm
960 1081 1028 1130 esse
1049 1081 1246 1147 quemqnam,
1273 1060 1329 1143 qui
1348 1080 1425 1137 me,

285 1170 344 1233 nisi
378 1184 451 1233 eum
482 1171 541 1235 deo
573 1168 688 1246 nostro,
725 1166 824 1249 possit
854 1167 1022 1233 attendam.
1067 1168 1228 1233 cnctorsm
1261 1167 1425 1231 bonorum

286 1288 413 1355 operum
446 1272 573 1337 seruate·
601 1270 787 1353 pudicitiam
819 1271 853 1335 et
886 1288 924 1334 ne
957 1268 1143 1335 iniuriosum
1175 1269 1294 1351 putetis
1326 1268 1426 1349 quod

286 1375 477 1459 grandaeuos
506 1377 538 1438 et
566 1375 762 1457 presbyteros
790 1373 830 1437 de
857 1372 1053 1438 coutinentia
1081 1377 1112 1436 et
1133 1371 1314 1456 integritate
1344 1390 1426 1437 ser·

286 1478 388 1542 uande
409 1494 486 1559 puer
507 1477 653 1559 appellat.
680 1475 882 1554 conuersatio,
905 1492 966 1539 non
980 1476 1064 1553 anni,
1087 1478 1147 1539 aut
1167 1474 1459 1540 adulescentiam

284 1580 385 1662 aperit
406 1580 462 1643 aut
483 1582 648 1645 senectam.
678 1576 884 1661 speculamini
905 1594 993 1642 meae
1017 1579 1260 1643 conuersationis
1284 1578 1424 1643 interna

286 1685 319 1746 et
341 1682 368 1745 si
390 1681 557 1767 iudignum
580 1680 698 1763 aliquid
719 1679 897 1763 agnoscitis,
922 1679 1069 1745 coercete.
1101 1698 1191 1745 nemo
1213 1683 1249 1746 nt
1262 1680 1424 1747 eeclesiae

285 1786 458 1868 prinoipem
481 1784 643 1851 admonere
664 1782 788 1862 timeat,
811 1784 839 1847 si
853 1783 965 1866 probat
979 1783 1166 1848 ementem''.
1196 1782 1245 1847 his
1257 1782 1305 1847 ita
1318 1784 1423 1848 dictis

286 1887 449 1952 conticuit.
487 1889 686 1954 surrexerant
718 1904 824 1952 omnes
858 1887 891 1951 et
922 1903 1056 1953 consona
1087 1886 1175 1970 quasi
1209 1906 1246 1952 er
1277 1887 1423 1969 pristina

286 1989 489 2055 meditatione
505 1989 563 2055 sub
574 1994 793 2056 momentanea
805 1994 913 2055 tamen
928 2006 1005 2055 uoce
1019 1989 1181 2055 dixeruntt
1199 1990 1306 2072 “haue,
1321 1994 1423 2072 pater
1432 2012 1456 2052 c

285 2091 518 2175 probatissime,
556 2092 636 2157 haue
672 2088 810 2173 pontifex
847 2092 1032 2175 singularis:
1072 2094 1187 2158 tonum
1220 2098 1253 2159 te
1285 2094 1424 2176 quidem

285 2197 501 2263 uniuersorum
525 2194 625 2262 sensit
647 2194 774 2279 electio,
804 2196 861 2260 sed
881 2197 1036 2277 optimum
1059 2196 1157 2261 stiam
1176 2197 1234 2261 tna
1255 2197 1424 2262 testantur

286 2298 429 2380 alloquia
464 2301 573 2365 crescis
596 2300 713 2364 sanctis
735 2298 858 2364 meritis
873 2301 954 2380 apud
977 2300 1197 2365 conscientiam
1219 2298 1360 2365 noemam
1386 2306 1423 2365 ct

280 2401 415 2484 aperiris
436 2403 507 2471 luce
527 2420 656 2485 operum
678 2418 772 2486 snpra
793 2420 888 2485 quam
909 2402 1124 2486 porrigebatur
1140 2401 1276 2484 spinid'.
1297 2401 1422 2484 quibus

285 2504 423 2573 breuiter
443 2506 621 2589 perstrictis
643 2507 787 2589 suscepto
810 2521 918 2571 omues
940 2522 1072 2571 munere
1091 2506 1304 2573 discesserunt.
1430 2529 1456 2585 ap

327 2624 400 2692 Mor
419 2626 482 2693 eibi
505 2630 615 2695 beatus
637 2630 772 2695 antistes
793 2627 918 2711 proprio
939 2644 992 2692 ore
1006 2627 1102 2711 leges,
1126 2628 1243 2710 quitus
1257 2645 1291 2691 se
1304 2632 1421 2709 posset

284 2731 405 2809 tenere,
435 2730 577 2798 dictauit.
614 2732 754 2815 primum
782 2730 898 2796 statuit
918 2747 978 2794 non
1000 2729 1188 2811 lanandnrn,
1219 2749 1258 2796 ne
1279 2729 1422 2795 morem

285 2832 409 2899 animae
429 2837 463 2899 st
484 2832 641 2903 interioris
670 2832 809 2898 hominis
839 2832 1056 2899 fortitudinem
1086 2832 1201 2900 balnea
1221 2834 1323 2920 magis
1343 2850 1421 2901 sor·

286 2934 378 3001 dibus
400 2938 502 3003 amica
524 2935 765 3020 confringerent.
804 2936 917 3003 deinde
946 2936 1130 3002 decreuerat
1151 2956 1323 3021 numquam
1343 2957 1419 3005 esse

285 3037 518 3121 prandendum:
541 3038 652 3104 sedne
674 3039 826 3122 propositi
848 3039 1041 3106 sententiam
1064 3042 1340 3122 superuenientnm
1365 3044 1454 3108 uisu

339 3277 352 3327 1
372 3246 491 3329 interim
508 3276 536 3329 Β
628 3277 806 3342 eueniendi,
832 3276 954 3331 enimam
970 3278 1147 3349 intorpescit
1163 3277 1248 3336 Sim.
1333 3281 1419 3336 miai

286 3358 366 3414 Siren
453 3360 471 3415 3
488 3362 628 3417 unanimes
645 3360 690 3417 Po
775 3362 861 3417 honus
878 3363 906 3418 Β
997 3364 1013 3417 5
1031 3366 1168 3418 sustentat
1185 3364 1213 3417 Β
1298 3365 1315 3419 6
1332 3381 1419 3434 quea·

286 3462 366 3517 qnam
383 3448 411 3502 Β
514 3450 530 3503 i
552 3452 669 3505 actorem
688 3450 714 3506 Τ
814 3451 832 3505 8
849 3452 970 3521 opernm]
989 3452 1110 3505 omnium
1128 3450 1211 3506 Siras.
1315 3454 1417 3523 potatis

286 3534 324 3588 13¹
428 3534 446 3589 9
466 3536 614 3607 pranderes
639 3536 704 3603 BP,
732 3536 885 3607 grandenns
910 3537 993 3593 ΜΨ
1095 3538 1128 3593 10
1151 3537 1354 3593 adolismntiam
1379 3540 1415 3603 Β,

274 3628 536 3741 ,dilueremus
632 3656 918 3727 respuerentur
1020 3658 1215 3715 rueret
1325 3675 1417 3733 ‚agno

275 3772 638 3846 erenegeeemn
726 3750 1352 3864 ereden‚eesenn,eoeeenr

285 3877 677 3947 recensentem
768 3880 962 3967 emersas*
1055 3880 1348 3948 remunerer

285 3978 319 4033 16
345 3992 394 4033 aue
423 3982 449 4033 T
547 3980 656 4051 quidem
673 3986 701 4037 te
723 3983 750 4039 Τ
846 3985 885 4041 'li
911 3986 1097 4042 uniuersorum
1121 3988 1161 4053 (or
1178 3986 1211 4041 isa
1226 3984 1350 4052 ΜΠ

285 4064 511 4123 noemma
592 4069 1093 4140 >respexearnep0mnnou
1197 4070 1415 4128 numme

288 4186 323 4243 rr
402 4186 603 4243 ermestun
687 4186 920 4245 munerans
1002 4188 1173 4276 saperes
1252 4160 1414 4247 medinm

284 4270 346 4325 Β-
416 4273 696 4340 superuenientinart
799 4290 852 4300 ·’
981 4313 994 4321 ,.
1104 4274 1169 4324 '·.·
