2992 4967
371 380 373 388 ,
411 304 648 373 Epistularum
668 306 756 361 liber
773 304 835 361 vn.
1121 307 1193 374 181·

63 491 188 561 domine
209 492 265 571 mi,
281 492 416 559 salutem
430 494 620 561 uberrimam
636 493 741 559 dicens
757 512 873 576 precor,
894 497 931 561 ut
946 492 1062 562 Christi
1085 496 1183 561 nostri

63 594 223 660 tribuente
251 594 463 660 misericordia
489 596 594 661 crebro
621 596 757 662 salutem
783 600 922 663 nutam
950 598 1066 665 uotiuis
1094 598 1181 677 mibi,

64 696 141 762 dum
164 715 266 762 meam
289 700 449 781 quaeritis,
471 699 623 779 nuntietis
647 698 803 765 affatibus.

579 902 669 969 XIII.

34 1048 51 1089 o
456 1037 639 1095 ENNODIVS
657 1038 794 1095 BOETIO.

106 1160 140 1226 Si
162 1160 296 1227 liberum
318 1162 400 1227 esset
422 1160 577 1244 imperata
599 1161 727 1240 differri,
751 1162 969 1226 concederetur
984 1161 1063 1227 mihi
1084 1162 1185 1228 adhuc

62 1268 247 1328 ornamenta
273 1263 391 1329 silentii
419 1282 480 1328 non
502 1263 616 1345 perire:
643 1280 717 1329 nam
739 1264 966 1329 taciturnitatis
995 1282 1108 1330 munus
1137 1267 1186 1329 est

63 1366 149 1448 quod
160 1386 221 1432 non
231 1366 438 1432 inhumanum
450 1367 535 1450 loqui
547 1384 597 1431 me
609 1384 699 1448 posse
710 1365 897 1432 credidistis.
914 1366 1019 1431 uidete
1032 1371 1186 1451 quantum

64 1470 194 1551 linguae
210 1470 337 1554 genium
353 1487 412 1534 nor
425 1488 534 1552 pressa
551 1470 724 1535 contulerit.
749 1471 802 1534 sed
820 1487 868 1533 res
884 1471 932 1534 est
947 1470 1038 1535 uacui
1053 1470 1186 1553 pectoris

20 1570 245 1655 ioperiolitata
266 1574 402 1638 remedia
423 1590 485 1637 non
503 1576 617 1637 tenere.
642 1574 707 1655 agit
722 1574 872 1637 sermonis
888 1590 970 1648 cura,
993 1591 1031 1636 ne
1045 1570 1186 1654 promul·

63 1676 173 1758 gantis
195 1675 313 1741 celetur
335 1676 477 1754 inscitia,
506 1675 627 1759 quando
659 1673 715 1739 otii
744 1676 832 1741 labor
853 1676 989 1758 gloriam
1015 1674 1185 1757 intercipit.

65 1796 136 1843 eoos
164 1796 219 1861 ogo
242 1776 299 1843 ille
329 1782 403 1843 ante
435 1778 650 1860 probationem
678 1776 823 1842 laudatus
849 1777 963 1843 subdor
991 1778 1126 1843 examini
1153 1778 1188 1843 et

65 1880 161 1946 ferias
183 1898 282 1957 moes,
312 1900 350 1945 ne
379 1880 485 1946 uidear
512 1879 741 1961 praedicatione
764 1880 890 1964 dignus,
924 1882 1076 1962 inrumpo.
1113 1898 1187 1946 nam

65 1986 142 2049 dum
167 1981 329 2048 humilitas
353 1984 456 2049 reddit
477 1983 670 2066 obsequium,
693 1984 861 2067 impetrata
875 2002 930 2067 per
951 1984 1113 2049 silentium
1126 2003 1188 2050 non

27 2086 228 2151 nahabemue.
253 2090 289 2151 tu
311 2086 345 2150 in
359 2105 421 2165 me,
444 2086 697 2152 emendatissime
717 2087 887 2161 hominum,
912 2088 1049 2170 dignaris
1063 2089 1186 2170 praedi·

66 2208 138 2257 oure
159 2189 304 2269 uirtutes,
328 2208 420 2271 quem
442 2189 578 2255 ioannis
595 2190 767 2271 puerilibus
782 2193 847 2256 eine
870 2191 984 2256 aetatis
999 2190 1187 2273 praeiudicio

65 2293 224 2359 industrio
256 2293 330 2359 iecit
358 2293 535 2376 antiquum,
569 2294 625 2375 qui
651 2313 705 2377 por
735 2294 930 2377 diligentiam
959 2295 1071 2377 imples
1098 2314 1188 2360 omne

66 2400 148 2480 quod
172 2398 311 2481 cogitur,
334 2398 384 2461 oui
406 2396 486 2462 inter
508 2398 592 2461 uitae
616 2396 739 2460 exordia
760 2396 852 2463 ludus
874 2401 921 2461 eet
942 2397 1086 2463 lectionis
1108 2398 1188 2463 asai-

67 2500 173 2565 duitas
195 2505 227 2565 et
249 2500 377 2565 deliciae
399 2501 492 2565 sudor
522 2500 657 2577 alienus,
687 2502 719 2563 in
747 2501 834 2563 cuius
864 2500 1010 2565 manibus
1032 2501 1189 2584 duplicato

29 2602 140 2686 anigno
156 2604 267 2668 rutilat
282 2622 342 2685 qua
356 2605 476 2668 ueteres
492 2602 559 2667 face
575 2602 737 2667 fulserunt.
761 2621 833 2667 nam
849 2604 931 2684 quod
954 2603 1007 2667 nir
1022 2604 1190 2669 maioribus

66 2706 151 2771 circa
173 2705 404 2771 extremitatem
426 2705 510 2768 uitae
532 2703 676 2787 oontigIt
699 2702 757 2768 hoo
778 2701 838 2768 tibi
854 2703 992 2769 abundat
1013 2704 1048 2768 in
1069 2705 1188 2769 limine.

66 2826 142 2873 uere
163 2808 275 2873 dedisti
291 2807 425 2890 pretium
445 2806 629 2888 loquacitati
652 2825 748 2889 meae,
771 2804 848 2869 dum
863 2804 1092 2871 desiderantem
1114 2822 1188 2871 oon·

67 2911 174 2993 loquio
194 2912 314 2993 primus
336 2910 522 2993 aggrederis.
555 2910 688 2994 contigit
710 2927 790 2975 noua
811 2926 860 2972 ros
874 2909 1011 2991 garrulo,
1034 2910 1071 2974 ut
1092 2927 1189 2992 usqne

67 3014 144 3081 adeo
154 3014 380 3098 produceretur,
394 3014 492 3079 donee
501 3012 658 3095 erigerent
665 3012 781 3094 scripta
792 3028 984 3094 responsum.
999 3012 1188 3096 deogratias,

31 3117 124 3200 nequi
146 3117 277 3183 occultis
298 3115 465 3181 itineribus
493 3115 530 3179 de
560 3114 724 3197 propinqui
745 3132 801 3179 uos
830 3115 1005 3179 necessaria
1027 3113 1190 3179 allectione

71 3218 272 3285 commonuit.
317 3236 388 3283 ecoe
410 3216 550 3301 geminae
573 3233 682 3283 causas
705 3217 840 3283 iniuriae
862 3218 926 3283 iarn
956 3218 1086 3283 tenetis:
1116 3234 1190 3282 nam

68 3324 235 3407 postquam
257 3322 390 3405 agrestis
413 3322 542 3400 innotui,
565 3338 729 3404 praesumo
753 3319 853 3387 dicere
875 3338 925 3386 me
940 3323 1110 3402 parentem.
1134 3320 1190 3385 do·

67 3426 153 3491 mine
175 3426 238 3501 mi,
273 3425 386 3490 salutis
409 3423 545 3491 officium
574 3424 677 3489 dicens
708 3438 812 3505 spero,
846 3424 881 3487 ut
908 3424 989 3488 circa
1013 3422 1190 3488 litterarum

121 3665 134 3717 1
159 3664 197 3718 mi
222 3662 259 3730 T,
288 3662 357 3717 mihi
381 3663 438 3718 LV
538 3663 628 3717 dicens
651 3675 701 3715 om.
720 3659 747 3715 L
850 3659 955 3729 cbrietil
977 3661 1019 3715 dei
1039 3660 1122 3716 Siron.

67 3750 135 3803 iot
153 3748 244 3804 crebro
261 3748 321 3803 LV

120 3852 199 3908 xm.
235 3853 251 3906 6
277 3852 378 3907 librum
400 3852 427 3905 L
530 3853 685 3907 conderetur
708 3850 735 3906 L
840 3847 928 3902 adhuc
950 3849 1017 3903 milri
1041 3850 1122 3906 Sim

70 3942 101 3996 11
122 3940 218 3995 inritis
236 3938 262 3993 T
363 3938 396 3993 18
417 3937 550 4005 cogis-tur
568 3939 623 4005 (ton
642 3938 723 4003 erae.)
740 3935 768 3991 L
872 3934 904 3987 19
928 3934 1080 4003 dupplicato
1101 3936 1126 3990 T

69 4026 105 4080 ‘20
123 4026 194 4081 iaace
217 4026 247 4091 V,
273 4024 344 4081 fasce
361 4024 415 4079 LT
506 4025 538 4078 ‘21
558 4024 697 4079 habundat
718 4024 743 4079 T
835 4020 937 4074 lumine
956 4020 982 4074 T
1070 4022 1104 4075 26
1122 4037 1191 4076 com·

70 4098 256 4184 moniam.
343 4126 546 4182 armoinus
629 4122 867 4181 manamaur
955 4120 1124 4177 numne

71 4215 197 4270 mutatis
214 4213 268 4282 Bb,
293 4214 406 4268 salutati
422 4212 487 4279 fort.
