2992 4967
454 347 686 416 Epistularum
703 347 792 402 liber
809 347 833 402 Ι.
1162 351 1202 418 17

83 535 290 603 deliberatum
321 555 388 602 esse
416 535 521 616 uideo,
552 539 578 603 si
601 555 671 616 uos,
700 541 808 604 utrum
828 538 954 606 audiam
971 557 1051 621 qnae
1072 539 1200 627 iubetis,

83 640 115 704 ln
134 639 269 723 ancipiti
291 657 356 704 ease
378 657 539 722 cognosco.
563 639 653 708 nulla
672 659 724 706 me
746 644 851 706 umen
873 659 931 706 uec
952 642 1201 724 magnitudinem

82 746 219 808 uestram
243 761 277 807 ex
299 759 338 807 eu
358 746 447 824 parte
471 743 552 824 apud
574 743 668 808 deum
683 745 776 826 culpa
789 745 941 827 respiciet,
964 745 1037 827 quia
1050 747 1202 828 praefatos

80 863 153 912 mox
187 847 228 910 ad
257 844 421 910 seruitium
450 845 535 910 illius
562 845 636 910 boni
665 845 725 910 uiri
767 849 833 914 sine
863 845 995 914 ebenina
1027 847 1202 916 audientiae

59 951 163 1015 slibra
184 948 230 1013 ire
252 945 387 1030 conpuli.
409 947 525 1014 domiui
548 949 609 1013 ruci
624 948 843 1014 salutationem
858 949 1066 1033 largissimam
1083 952 1198 1030 dicens,
1304 1012 1308 1022 ,

79 1071 174 1135 quam
196 1050 320 1129 uellem,
343 1051 371 1114 si
392 1049 463 1115 istis
486 1050 619 1134 negotiis
640 1051 772 1134 paginas
794 1070 855 1117 non
877 1053 1008 1136 uegetis,
1032 1059 1087 1119 aut
1109 1071 1200 1119 aceu-

78 1156 198 1220 satores
210 1171 293 1218 meos
310 1153 375 1237 ipse
388 1171 558 1236 conponere
573 1158 636 1230 aut,
651 1154 732 1236 quod
747 1157 795 1218 cst
810 1153 1007 1236 familiarius,
1023 1157 1200 1240 frequenter

78 1259 198 1323 errare!
398 1253 402 1267 '

595 1411 684 1476 VIII.

43 1554 68 1592 10
452 1527 607 1586 FIRMINO
633 1529 826 1586 ENNODIVS.

119 1633 261 1700 Iucunda
283 1638 355 1700 sunt
378 1635 561 1702 commercia
583 1635 769 1713 iturarum,
791 1637 882 1702 docto
903 1639 1026 1704 auctore
1051 1642 1198 1722 concepta

74 1740 143 1818 illu,
165 1739 201 1804 iu
222 1738 335 1822 quibus
356 1741 395 1804 ad
417 1757 551 1822 unguem
573 1738 664 1821 politi
686 1739 835 1804 sermonis
857 1739 1004 1822 splendor
1024 1741 1196 1826 effulgorat,

74 1843 130 1910 ubi
152 1842 253 1908 oratio
276 1842 363 1908 dues
380 1841 476 1906 bonis
490 1840 621 1924 petitine
636 1840 823 1908 continetur.
846 1843 970 1926 quando
985 1844 1196 1914 abundantem

74 1945 219 2028 loquelae
240 1963 353 2010 uenam
375 1943 547 2010 laboriosus
569 1945 601 2010 in
623 1943 726 2008 lucem
749 1948 905 2012 scmtator
924 1945 1098 2028 adduxerit,
1120 1951 1197 2018 tunc

41 2073 66 2114 ιι
75 2051 246 2131 procedunt
268 2047 370 2112 officia
392 2044 589 2130 suscipientis
611 2045 773 2136 desideriis
794 2049 943 2130 paritura.
965 2051 999 2113 ut
1014 2051 1068 2116 ubi
1084 2053 1193 2120 scaber

75 2169 178 2218 senno
199 2151 378 2232 angustiam
399 2150 546 2232 pauperis
568 2151 673 2232 signat
693 2149 812 2231 ingenii
834 2169 891 2216 nec
904 2154 1087 2238 conceptum
1101 2173 1193 2222 snum

74 2255 108 2320 in
135 2253 278 2320 ordinem
304 2252 471 2336 digerendo
500 2257 622 2320 noctem
651 2252 755 2319 studio
777 2253 961 2320 elocutionis
981 2255 1142 2322 interserit
1162 2260 1195 2325 et

74 2355 241 2422 nebulosae
268 2355 455 2422 narrationis
482 2354 630 2438 ambiguo
660 2359 818 2438 quendam
845 2361 973 2442 generat
994 2358 1034 2424 de
1053 2361 1123 2441 ipsa
1143 2379 1197 2428 ex·

73 2457 254 2541 planatione
277 2459 475 2524 caecitatem:
504 2458 572 2540 quis
596 2476 656 2524 non
678 2475 824 2541 personae
846 2459 922 2525 talis
942 2462 976 2526 in
998 2462 1191 2544 eloquentiae

38 2580 146 2628 marce
178 2563 368 2628 constitutus
400 2567 524 2644 spernat
545 2561 713 2628 allectum?
746 2562 861 2645 grauat
882 2565 1103 2630 conscientiam
1122 2586 1193 2651 per·

72 2666 227 2732 lectorum
243 2683 329 2730 amor
344 2663 468 2730 indocti.
491 2666 545 2732 sed
560 2664 609 2730 uis
632 2663 774 2730 caritatis
796 2666 936 2731 internae
959 2667 1196 2736 necessitudinis

72 2768 210 2833 uincuIIs
232 2767 340 2832 adiuta
362 2786 421 2832 non
443 2766 559 2833 fertur:
588 2769 685 2834 nescit
719 2767 849 2851 experiri
876 2767 952 2851 quid
973 2771 1073 2852 possit
1104 2789 1196 2852 quem

72 2874 186 2938 caritas
209 2869 345 2936 muralis
366 2871 431 2938 anis
453 2869 599 2954 exagitat.
621 2869 721 2938 solent
742 2871 849 2936 tamen
870 2871 980 2956 dignos
1000 2871 1093 2938 uenia
1113 2874 1195 2940 iudi-

72 2991 143 3039 care
177 2972 309 3056 perlecti
336 2990 413 3056 quos
440 2972 521 3038 inter
548 2971 731 3056 epistulares
761 2973 829 3039 uias
859 2975 1005 3040 nutantia
1033 2976 1194 3044 deseruere

39 3075 219 3159 uuestigia.
243 3075 349 3143 soletis
372 3075 446 3160 quid
469 3076 569 3141 dicere
591 3075 747 3142 noluimus
769 3075 946 3157 adtendere,
969 3077 1111 3162 quotiens
1133 3099 1194 3146 non

72 3180 235 3245 elocuntur
257 3182 331 3244 uota
359 3193 523 3244 sermones.
552 3179 677 3245 idoneae
705 3183 811 3244 tamen
836 3179 1016 3262 perlatrIcis
1044 3181 1193 3250 uiaticum

70 3282 279 3366 praegrauaui
301 3283 341 3362 et,
364 3298 442 3364 quae
463 3301 514 3347 me
535 3283 729 3364 praesentare
748 3281 833 3347 uiuis
854 3283 1006 3366 potuisset
1026 3285 1193 3364 sitatibus,

122 3535 141 3590 3
158 3535 233 3604 perte
251 3533 278 3590 L
380 3535 507 3603 respiciat
523 3533 551 3590 Β
653 3536 670 3589 4
687 3536 900 3592 audimdiwtiae
917 3537 944 3592 V
1040 3538 1057 3592 5
1074 3540 1190 3609 compuli

69 3621 158 3677 ΜΨ
267 3620 372 3676 domine
390 3624 428 3678 ml
446 3622 508 3688 Pii
525 3625 556 3678 io
573 3627 639 3688 rus.)
657 3624 672 3678 b
783 3623 800 3677 6
816 3624 925 3693 uegetos
942 3622 971 3678 Β
1090 3623 1192 3680 'leom-

68 3722 166 3776 ponere
184 3706 267 3762 ΜΨ

122 3827 202 3885 vm.
239 3829 269 3884 11
298 3831 452 3885 commertia
479 3831 519 3902 L,
548 3831 707 3886 commentia
736 3829 763 3886 1¹
863 3829 899 3886 12
925 3803 1070 3913 οῦαΙςᾷηὶ
1097 3829 1125 3883 Β

70 3933 104 3988 13
121 3932 194 3986 diuis
212 3931 239 3987 Β
324 3933 524 3990 habundantem
537 3933 591 3991 PT
680 3937 713 3990 14
730 3932 862 4004 loquellae
876 3932 905 3986 Β
996 3934 1028 3987 15
1045 3931 1079 3987 ed
1096 3932 1126 3987 Β

68 4019 104 4074 18
119 4017 262 4073 nebulosae
280 4017 307 4072 V
405 4021 437 4075 19
455 4021 593 4076 cecitatem
611 4021 639 4076 Β
727 4021 767 4089 in]
785 4019 843 4072 sine
860 4016 906 4072 Pb
1008 4017 1044 4072 20
1059 4021 1117 4071 arte
1135 4012 1193 4081 Pb,

67 4105 149 4159 erube
166 4103 195 4158 Β
294 4103 329 4158 22
346 4106 433 4175 quem]
450 4121 518 4174 quae
535 4107 563 4160 Β
658 4105 692 4161 23
709 4103 847 4174 exagitant
864 4103 935 4157 ΙΝ·
1035 4103 1071 4158 24
1088 4103 1189 4171 epistu-

67 4191 711 4262 lariaB‚opietuluresV¹uiaocorr.m.1
808 4188 1021 4244 ffieoleteaB
1114 4188 1190 4242 nolu·

67 4276 177 4330 ierimus
195 4275 223 4329 Β
319 4275 455 4332 attendere
473 4275 583 4332 LPTV
681 4275 715 4332 26
731 4277 826 4330 idonea
842 4273 959 4344 etlemn
977 4273 1004 4328 L

117 4379 166 4434 vl.
1072 4373 1089 4426 2
