2992 4967
282 346 345 415 308
638 343 751 412 blegni
768 342 897 400 Felicis
916 342 1047 400 Ennodi

281 533 454 615 bominum,
471 533 622 619 seriptum
638 533 776 601 retineo:
800 533 911 608 aliud
928 536 986 600 est
999 531 1100 600 male
1122 532 1268 613 diuers,
1291 532 1407 601 aliud

284 655 483 718 accusare,
517 637 549 701 et
575 636 759 726 prophetam
786 636 916 706 dixisse:
950 636 1212 717 reprobantes
1245 636 1408 701 uerbum

284 741 477 827 sperastis
507 741 547 805 iu
577 738 781 807 oelumnie
810 741 851 805 et
880 738 919 808 iu
949 738 1143 821 tumultu,
1177 742 1217 805 et
1238 737 1344 804 ostis
1365 740 1408 804 in

284 860 341 911 eo:
363 846 573 927 propterea
594 842 671 909 erit
692 841 805 907 nobis
827 840 1134 927 iniquitesbaeo
1155 842 1260 906 siout
1280 842 1407 907 intor-

285 945 431 1031 ruptio‚
453 946 592 1029 quiepro
608 944 698 1013 nobis
712 942 894 1017 dioitdeus:
918 961 981 1010 eos
1002 961 1111 1024 uero,
1134 944 1202 1028 qui
1223 943 1408 1011 iudioant
1429 964 1443 1005 e

285 1067 367 1127 nos,
388 1066 453 1133 ego
475 1047 672 1116 iudioabo.
702 1049 735 1119 st
757 1048 874 1115 iterum
889 1048 1050 1115 adseruos
1066 1064 1138 1116 suos
1160 1044 1255 1113 dioit:
1276 1047 1407 1115 nolite

285 1150 683 1233 timorsobprobrium
704 1148 904 1219 homiuum
927 1154 963 1217 et
984 1148 1250 1233 blasphemias
1274 1168 1410 1217 eornm

286 1271 330 1320 no
351 1252 551 1323 metuetis.
589 1270 694 1319 rursus
724 1253 820 1319 otiam
847 1252 935 1319 uobis
964 1251 1094 1324 elamat:
1127 1250 1307 1319 aooedite
1334 1250 1410 1317 buo

286 1378 413 1425 semen
435 1356 622 1425 adulteri
645 1358 682 1420 ot
704 1354 934 1421 fornioeril:
957 1373 1075 1438 snper
1098 1374 1206 1439 quem
1228 1354 1409 1434 lusistis,

287 1479 523 1547 superquam
538 1457 750 1525 dilatastis
772 1476 811 1524 os
826 1456 1058 1526 stoiooistis
1080 1456 1281 1543 linguam?
1301 1477 1444 1525 num-o

287 1565 378 1649 quid
408 1581 481 1630 nou
510 1580 581 1629 uos
611 1544 675 1628 lili
710 1558 876 1628 scelesti
910 1560 1024 1639 estis,
1058 1579 1190 1627 semen
1220 1561 1411 1628 mandax?

329 1666 414 1751 Ques
436 1666 549 1751 quibus
574 1664 741 1750 copulatis,
770 1664 944 1744 aduertite,
967 1663 1121 1731 dicentesr
1145 1664 1281 1731 ‘indicte
1303 1682 1410 1746 oeusa,

287 1769 446 1837 derelictis
479 1766 690 1835 defensoribus
715 1785 795 1855 papa
825 1766 995 1848 dissuasit’,
1018 1765 1075 1832 fori
1103 1766 1194 1833 nobis
1221 1767 1254 1831 in
1282 1766 1409 1853 negotio

288 1872 444 1957 praesenti
467 1872 499 1937 et
520 1870 696 1953 platearum
712 1888 843 1953 querum
859 1870 933 1935 estis
947 1870 1125 1957 hypocritae
1140 1870 1280 1955 exempla
1293 1888 1409 1955 propo-

288 1975 404 2041 nentes.
437 1974 525 2040 nobis
554 1973 705 2057 seriptum
735 1975 783 2039 ost
805 1991 860 2055 por
882 1971 1017 2039 Paulum
1038 1973 1230 2057 apostolum:
1265 1974 1445 2055 quibnss

290 2076 506 2143 eruoilixus
529 2078 590 2146 est
612 2078 794 2156 mundns,
817 2074 909 2159 quid
929 2075 1017 2142 illis
1039 2095 1122 2141 oum
1143 2076 1250 2141 loro?
1272 2074 1326 2141 sed
1347 2074 1413 2141 ista

289 2179 415 2249 nescitis
441 2183 505 2259 aut,
529 2181 611 2263 quod
633 2180 680 2245 ost
701 2179 838 2265 grauim,
869 2183 942 2245 note
964 2179 1171 2247 contemnitis.
1208 2177 1412 2262 peregrinum

290 2284 380 2353 oredo
403 2282 521 2367 aliquid
544 2284 576 2349 et
597 2284 748 2349 aratione
770 2289 946 2367 separatum
967 2282 1130 2365 postulans
1151 2297 1233 2367 pepe
1254 2280 1411 2347 messia

290 2405 390 2453 noune
411 2386 468 2457 hoo
489 2386 625 2471 sperauit
653 2404 708 2470 pro
731 2390 817 2454 stato
839 2387 972 2453 labentis
994 2385 1141 2454 ecelesiae
1162 2384 1314 2469 pastorali
1336 2401 1412 2451 oure

291 2488 489 2568 constrictus,
512 2487 592 2571 quod
615 2490 647 2555 et
668 2488 815 2574 religiosa
836 2488 1032 2573 prouidentia
1046 2492 1078 2553 et
1098 2506 1207 2555 causae
1222 2490 1320 2575 ipsius
1335 2488 1446 2555 ordea

291 2589 478 2676 flagitabat?
499 2609 577 2675 quae
599 2592 682 2659 onim
703 2591 893 2660 iudiciorum
908 2590 1009 2659 forma
1029 2592 1247 2675 praeeesserat,
1270 2595 1309 2659 ut
1322 2590 1414 2660 uobis

291 2694 447 2761 hostiliter
468 2695 633 2779 disruptis,
663 2698 759 2762 otiam
784 2716 841 2782 per
863 2696 1095 2783 suggestionem
1116 2696 1255 2761 uestram
1276 2694 1414 2762 sublatis

292 2797 439 2865 eoelesias
461 2798 583 2884 opibus,
606 2800 658 2882 qui
680 2798 735 2864 diu
756 2798 859 2865 fueret
881 2799 967 2867 ribus
989 2798 1190 2864 esurientium
1211 2796 1306 2865 femie
1320 2818 1415 2865 man-

292 2902 409 2987 oipium
438 2901 597 2968 uideretur
626 2900 770 2979 effeetus,
798 2900 873 2965 dum
901 2900 1060 2968 elimentis
1082 2899 1268 2967 distributor
1290 2898 1414 2987 egebat,

293 3007 328 3069 ut
349 3004 439 3069 fieret
460 3002 493 3068 in
516 3002 679 3069 dominatu
701 3003 836 3069 seruitus
852 3007 883 3069 st
899 3004 931 3071 in
947 3006 1097 3072 seruitute
1112 3002 1312 3071 dominatus?
1333 3020 1448 3087 quaes

397 3172 671 3245 wiomado
764 3176 956 3245 abesam
1049 3176 1239 3245 emtam
1333 3174 1416 3231 ssa

294 3258 369 3327 tat
454 3259 671 3327 biantis
756 3262 1012 3328 multitidis

348 3416 361 3469 1
384 3414 438 3468 nisi
455 3414 591 3469 bominum
614 3414 643 3471 Β
744 3416 915 3485 iproistam
938 3416 1024 3472 BLV
1122 3417 1416 3487 sproptarss-lntsr·

295 3500 499 3573 repeteres
599 3500 762 3557 bdaminns
786 3502 834 3558 Pb
936 3518 1111 3560 ueroosese
1212 3504 1415 3561 bitsrumoos.

296 3592 325 3645 A
414 3587 429 3640 1
448 3585 601 3641 blasfemias
619 3587 653 3652 Β,
679 3586 872 3657 blasphemiam
890 3588 950 3645 Res
1045 3588 1078 3643 10
1095 3589 1190 3659 egistis
1208 3588 1302 3657 lingua
1318 3588 1346 3643 Β

298 3679 329 3734 11
348 3674 398 3729 dlii
416 3670 557 3728 Amare
636 3673 757 3729 soselesti
769 3672 804 3739 Β,
826 3674 945 3731 soslsstis
958 3674 1149 3743 (estisoseMt
1234 3675 1268 3729 la
1285 3690 1415 3745 quaeum·

297 3762 326 3820 R
421 3758 509 3814 diosus
526 3758 562 3825 Β,
581 3758 675 3814 dimtis
693 3774 720 3814 m
823 3760 855 3817 13
872 3760 983 3816 dicessit
1003 3762 1034 3829 Τ,
1059 3759 1207 3817 deoassitb
1310 3763 1343 3817 14
1359 3762 1416 3831 pla

298 3850 386 3903 tarum
408 3844 437 3897 A
536 3844 670 3914 ypocritae
695 3843 863 3901 ABLPTV
963 3844 995 3900 ll
1022 3844 1211 3916 ooutsmpnitis
1236 3846 1326 3915 LRV,
1354 3863 1417 3903 eon·

300 3929 442 4000 tampuatis
468 3930 496 3985 Β
598 3931 631 3985 lo
658 3931 744 3985 stratu
773 3930 810 3986 V·
911 3930 1021 3986 salesius
1047 3931 1075 3986 Β
1176 3930 1211 3986 20
1235 3932 1366 4005 rslqioss
1390 3938 1417 4001 (r

300 4020 380 4082 sorr.)
399 4014 426 4069 Β
516 4016 549 4071 21
567 4019 784 4085 presessmretut
802 4017 1172 4085 (summationem.)
1195 4018 1221 4073 Τ
1311 4018 1416 4075 anobis

299 4101 366 4169 sort.
467 4099 500 4157 22
518 4102 696 4171 sugessionem
713 4100 754 4157 B'
855 4102 983 4158 subletib:
1004 4102 1042 4159 1⁷¹
1142 4104 1176 4161 23
1194 4104 1303 4168 soleriae
1320 4104 1349 4160 Β

300 4184 431 4257 sybusR
532 4185 566 4241 21
589 4184 738 4243 detributor
761 4184 787 4242 T
883 4187 997 4258 negabat
1017 4188 1045 4245 Β
1151 4186 1185 4247 25
1202 4190 1414 4247 indominatum

300 4272 329 4331 L
428 4286 479 4345 qus
496 4270 528 4341 Τ,
554 4288 636 4345 usqua
653 4273 713 4332 Ros
