2992 4967
1178 346 1234 401 VII

49 530 93 585 A
110 522 146 587 iu
170 520 303 589 Uictoris
325 520 413 587 libris
436 538 531 587 manu
553 519 687 605 scriptis,
711 519 767 587 sed
790 521 887 589 etiam
908 522 940 587 iu
963 522 1065 611 codice
1084 520 1231 587 Lauda·

107 626 243 691 ueusi
275 644 305 690 u.
337 624 399 690 113
427 640 506 691 saec.
535 623 581 687 IX
614 625 758 691 seruatus
790 628 848 689 est.
892 624 952 691 Sed
985 623 1230 703 laudunensem,

107 726 253 813 quamuis
274 727 325 793 bic
346 727 412 793 illic
434 727 570 811 optimae
591 727 634 793 sit
656 731 761 805 notae,
788 728 894 793 tumen
916 729 1039 810 saepius
1061 728 1231 811 interpola·

110 831 246 899 tionibus
268 831 464 914 inquinatum
481 848 547 899 esse
563 832 658 913 atque
680 830 890 899 recensionem
905 832 1045 899 exhibere
1060 852 1080 898 a
1094 830 1232 899 Uictoris

106 935 198 1003 libris
225 935 317 1021 louge
347 933 503 1003 diuersam
533 936 564 1001 in
594 934 868 1011 commentatione,
902 935 988 1001 cuius
1018 953 1113 1019 supra
1142 953 1231 1001 meu·

107 1037 323 1115 timemini,
357 1037 466 1103 multis
490 1036 639 1119 exemplis
662 1038 693 1103 et
715 1038 907 1121 argumentis
935 1038 1071 1121 probaui.
1110 1036 1232 1116 Quare

106 1142 141 1207 in
176 1142 261 1208 textu
289 1140 401 1207 Libri
435 1139 535 1205 fidei
567 1139 781 1207 constituendo
804 1140 941 1209 Uictoris
968 1142 1086 1207 codices
1114 1142 1159 1206 ita
1181 1159 1231 1207 se·

108 1249 201 1311 cutus
235 1263 322 1322 sum,
360 1247 395 1309 ut
427 1242 662 1309 Lauduuensem
699 1244 857 1311 uetustate
889 1243 1044 1329 insignem
1077 1262 1232 1329 nusquam

107 1347 300 1431 neglexerim
311 1348 346 1428 ¹).

153 1452 197 1517 Ex
226 1449 412 1515 editionibus
442 1450 664 1515 uetustioribus
696 1449 974 1517 Lorichianam
1004 1455 1036 1515 et
1065 1450 1231 1517 Ruinar·

109 1556 258 1621 tiaram
280 1553 408 1637 inspexi.
435 1550 517 1631 Quas
540 1568 611 1617 cum
633 1556 705 1635 post
727 1553 849 1619 Halmii
871 1572 978 1619 curam
1000 1554 1147 1620 numiam
1169 1553 1232 1619 iere

110 1656 231 1723 nullius
259 1655 352 1739 pretii
376 1672 442 1743 esse
464 1654 695 1735 intellexissem,
732 1656 857 1741 penitus
890 1656 1000 1733 abieci,
1027 1656 1160 1739 reliquas
1183 1675 1233 1722 co·

108 1777 256 1845 gnoscere
279 1776 339 1823 uon
361 1757 478 1835 curaui,
503 1756 616 1841 quippe
633 1760 686 1843 qui
704 1760 866 1825 Halmium
883 1758 1070 1826 lectionibus
1086 1758 1231 1826 editionis

109 1949 200 2019 Igitur
227 1950 296 2018 quod
319 1950 435 2019 legimus
452 1950 482 2004 in
500 1950 564 2005 libri
582 1950 656 2004 illius
674 1947 869 2017 subscriptione
888 1948 938 2016 (11,
957 1949 1017 2015 101)
1044 1948 1159 2004 ‘directa
1176 1947 1232 2005 XII

108 2036 177 2091 Kal.
195 2036 356 2101 Maiorem’,
384 2034 595 2106 intellegendum
612 2035 666 2089 erit
687 2030 808 2091 ‘directa
826 2034 864 2090 ad
880 2035 985 2106 repeen'.
1014 2034 1169 2089 Sententiae
1187 2052 1233 2090 no-

109 2123 181 2175 strae
208 2121 304 2175 mirum
331 2122 359 2175 iu
386 2122 493 2175 modum
522 2121 596 2175 fauet
622 2116 778 2175 Gennadius
806 2121 834 2174 in
858 2119 944 2176 Catsl.
969 2138 992 2176 e.
1012 2122 1058 2175 97:
1087 2122 1233 2191 Enpereim

116 2208 351 2278 Gorrneeinieneie
368 2208 484 2274 Atticae
511 2208 634 2263 diritatis
660 2208 804 2276 epneopne
821 2213 848 2262 et
864 2209 999 2275 eonfoewr
1022 2208 1162 2276 pennen,
1180 2208 1233 2263 ad·

111 2294 234 2349 monisse
251 2294 285 2347 ab
302 2294 458 2362 Hnnerieo,
482 2293 673 2349 Uandaiornrn
689 2308 766 2363 repe,
792 2293 939 2349 catholicae
956 2294 1023 2361 fidei
1040 2295 1233 2363 aporitnnern

109 2387 140 2433 et
157 2380 299 2434 manime
316 2380 415 2435 nerbi
437 2374 624 2435 ‘bombasii’
640 2381 898 2449 proprietatem
915 2380 1088 2434 disserere
1106 2381 1145 2447 (id
1162 2380 1233 2449 quod

108 2466 137 2519 in
165 2464 276 2519 Librum
303 2464 365 2520 fidei
391 2466 469 2533 plane
496 2464 593 2531 cadit),
619 2482 691 2520 enen
718 2480 888 2519 consensa
914 2467 1059 2520 omniurn
1087 2466 1233 2533 Africae

107 2553 352 2607 Mauritaniae
375 2557 405 2606 et
423 2550 614 2606 Sardiniae
636 2556 739 2620 atque
762 2552 923 2606 Corsicae
946 2553 1186 2620 episcoporum
1203 2557 1234 2605 et

108 2638 343 2704 confessorem
369 2637 412 2702 (ei
433 2636 505 2691 Uict.
524 2638 562 2703 11,
581 2638 614 2691 55
637 2638 774 2692 nostri.
795 2676 801 2690 .
821 2676 827 2687 .
845 2637 969 2693 irbeuarn
993 2639 1233 2706 insenuerant),

108 2726 157 2797 peri
168 2723 344 2780 incatbciiea
355 2730 565 2795 permanserint
577 2724 640 2791 fide,
658 2724 813 2793 conposuit
830 2724 956 2779 tibrum
971 2723 1065 2789 fidei
1081 2724 1233 2779 noneoian

107 2818 312 2867 sanctarum
328 2814 586 2880 scripturaram
603 2811 808 2877 sententiis,
832 2808 880 2865 sed
897 2816 924 2867 et
938 2816 1054 2878 patrant
1072 2810 1233 2865 testimoniis

109 2899 249 2953 munitum
267 2898 306 2966 (iu
324 2897 373 2953 boc
391 2898 546 2953 Gennadius
565 2898 683 2964 errauit),
703 2902 734 2951 et
747 2913 811 2966 per
829 2896 978 2967 collepas
995 2896 1234 2960 confessionis

109 2998 192 3039 errae
219 2984 353 3038 direxit
380 2982 448 3049 (soil.
467 3000 514 3053 per
532 2986 660 3053 quattuor
679 2981 756 3047 illos,
780 2983 826 3051 qui
845 2982 915 3050 apud
933 2980 1005 3036 Uict.
1024 2982 1061 3048 11,
1081 2982 1128 3037 101
1148 2982 1234 3037 norni-

108 3070 231 3137 nantur).
242 3096 278 3109 -
290 3070 381 3139 Ipsum
399 3073 489 3123 sutem
509 3070 644 3124 Uictorem
656 3069 769 3122 Librum
787 3068 852 3122 fidei
868 3068 1010 3123 inseruisse
1026 3068 1156 3122 historiae
1172 3084 1234 3125 cnm

107 3172 156 3225 per
173 3170 202 3209 se
219 3154 353 3223 probabile
371 3157 413 3208 est
430 3184 463 3194 -
481 3154 546 3223 quid
573 3156 644 3209 euim
670 3156 778 3213 maioris
806 3154 934 3210 momenti
961 3156 1084 3224 episeopo
1101 3154 1233 3211 catholieo

107 3258 190 3311 qaam
207 3241 324 3295 defensio
341 3241 404 3297 fidei
421 3244 449 3297 et
466 3242 593 3295 refutatio
612 3240 825 3295 baereticorum?
837 3270 872 3283 -
883 3244 942 3295 tum
961 3257 991 3295 ex
1008 3243 1125 3296 auctoris
1143 3241 1233 3296 uerbis

111 3328 293 3397 consequitur.
323 3328 389 3383 Cum
408 3328 479 3384 enim
496 3328 524 3381 iu
542 3328 596 3381 due
613 3327 675 3382 libri
694 3328 804 3381 secundi
822 3328 933 3382 dirimet
950 3328 1061 3382 ‘nostri
1077 3365 1084 3380 .
1100 3327 1234 3381 ¹iibeiiarn

110 3414 330 3483 corneripeerant
347 3414 483 3469 dicentes:
508 3416 670 3469 einostram
687 3412 770 3481 tidem
788 3429 945 3483 copnoeeere
962 3412 1134 3479 centinaria
1153 3413 1234 3467 baec

107 3506 159 3555 est
176 3501 313 3555 neritas
331 3516 413 3569 qnam
430 3502 568 3564 tenemini,
592 3500 705 3553 tertium
726 3500 764 3553 sic
783 3499 893 3567 incipit:
920 3498 998 3568 ‘Qui
1015 3515 1075 3553 esem
1092 3504 1185 3552 noster
1201 3497 1234 3550 ii·

109 3586 198 3642 beiisre
225 3586 358 3657 teperetnr
384 3584 510 3649 obtutui,
539 3600 605 3654 quae
632 3584 726 3651 uerba,
754 3584 779 3637 si
806 3598 953 3639 sermonem
971 3583 1077 3639 Uictori
1101 3582 1234 3637 natatum

107 3671 260 3729 consideres
287 3672 332 3741 (ei.
360 3672 444 3726 Indic.
466 3672 511 3729 ΠΙ
536 3672 664 3727 ‘relatiua
693 3671 859 3741 adinnpttar
884 3670 1114 3737 sabenninam'n
1144 3673 1234 3725 nemas

107 3774 215 3815 necesse
232 3762 285 3812 est:
306 3758 357 3815 Ais
374 3774 435 3813 nren
452 3759 546 3815 disee
563 3775 617 3813 oon
633 3774 688 3813 ans
704 3758 874 3813 aerucam
886 3756 990 3823 Sebrift
1007 3756 1114 3828 eeieeen
1130 3755 1234 3813 warde.

108 3844 187 3911 Quod
213 3845 237 3898 si
263 3846 323 3913 quis
349 3861 409 3901 eum
434 3844 541 3901 Halmio
569 3844 615 3910 (ad
632 3844 669 3909 ΙΙ,
688 3844 732 3911 56)
762 3843 903 3897 existimat
929 3842 1065 3911 episcopos
1092 3842 1235 3896 catholicos

108 3928 411 4000 potius'perscripturos
430 3932 511 3984 inisse
537 3930 612 4001 ‘fidei
637 3931 767 4000 deperata
787 3929 915 3983 brnibrss
938 3927 1077 3982 sententiis
1099 3928 1237 3996 concepta‘

108 4032 190 4086 quern
209 4014 364 4071 ‘tractatum
381 4016 564 4086 dopmntiearn
580 4016 720 4085 protinam
736 4017 771 4071 eie
783 4032 843 4070 nnc
860 4014 1001 4079 trinitate',
1019 4012 1044 4066 is
1060 4012 1136 4081 leget
1152 4013 1235 4067 uelim

109 4102 252 4172 Fulgentii
279 4102 425 4172 Ruspeueis
451 4104 535 4158 libros
560 4103 676 4159 ‘Contra
695 4103 826 4157 Ariorroe'
844 4105 871 4156 et
889 4100 944 4155 ‘Ad
964 4098 1177 4156 Trasimenadnrn
1192 4114 1237 4157 re·

106 4206 167 4262 pent
188 4188 394 4245 venenorum&

214 4294 234 4357 ¹)
253 4290 358 4349 Codicis
376 4294 404 4345 A
421 4293 548 4347 lectiones
564 4308 595 4347 ex
605 4292 715 4349 iledmit
732 4292 851 4347 editione
868 4290 1027 4361 deprompsi.
