2992 4967
295 374 382 423 XXVI

293 546 422 607 stantes.
459 542 552 623 atque
583 542 731 624 grauibus
755 542 939 607 Mommseni
968 541 1119 606 iudicium
1149 544 1343 625 argumentis
1372 544 1421 607 iu·

294 647 353 712 uiti
391 664 452 711 non
487 646 677 729 negauerim.
722 664 796 709 nem
829 644 856 709 si
894 644 964 727 quis
998 648 1137 710 carmina
1173 664 1209 709 ex
1242 646 1421 711 Ennodiano

294 750 400 815 codice
430 749 463 815 in
486 749 628 832 syllogen
657 748 909 829 antiquissimam
931 747 1083 830 migrasse
1105 748 1282 829 sumpserit,
1313 750 1353 814 sd
1375 750 1422 813 in-

293 852 486 933 tellegendus
510 853 659 918 maximas
682 849 755 915 illcs
779 851 1014 934 discrepantias,
1036 869 1169 933 quarum
1198 850 1250 915 uir
1277 870 1340 917 una
1368 854 1423 916 aut

294 956 394 1021 cltera
416 954 670 1021 Ennodianorum
691 952 845 1018 librorum
867 954 1021 1019 uarietate
1043 953 1223 1036 explicetur,
1253 972 1317 1018 non
1338 955 1422 1019 mul-

293 1059 362 1124 tum
384 1057 532 1141 proficiet.
556 1076 654 1141 neque
678 1056 737 1123 heo
758 1057 879 1123 ratione
894 1057 1097 1123 difficultates
1114 1057 1254 1139 expediri
1267 1059 1302 1121 et
1316 1057 1421 1122 diuer-

293 1162 452 1227 sissimam
481 1161 646 1244 utriusque
674 1162 864 1226 recensionis
895 1160 1028 1225 formam
1050 1160 1197 1244 explicari
1218 1177 1307 1242 posse
1330 1166 1423 1242 puta·

293 1268 404 1343 uerim,
426 1268 463 1330 ut
485 1264 662 1329 Ennodium
684 1265 787 1345 ipsum
810 1263 863 1328 nel
889 1264 992 1329 nescio
1014 1281 1106 1345 quem
1128 1264 1236 1339 alium,
1260 1282 1334 1329 cum
1356 1266 1422 1347 epi·

293 1372 470 1453 grammate
491 1368 753 1450 insculperentur,
775 1386 811 1432 ea
832 1368 1019 1431 retractasse
1040 1366 1221 1444 medcmus3
1253 1370 1362 1432 contra
1384 1386 1422 1431 ee

294 1491 329 1537 en
351 1472 463 1537 misero
495 1471 638 1554 lapidum
671 1470 793 1548 habitu,
825 1487 918 1552 quem
940 1473 1119 1552 cormptam
1152 1472 1275 1552 antiqui
1307 1470 1420 1537 codicis

292 1575 505 1643 condicionem
516 1594 648 1657 aequare
661 1592 787 1639 necesse
798 1578 875 1653 erat,
891 1578 923 1639 et
935 1574 1130 1639 inmoderate
1138 1575 1280 1639 uirorum
1294 1574 1423 1640 illorum

292 1679 326 1743 iu
349 1678 565 1743 constituenda
595 1679 734 1744 cretione
764 1680 1006 1762 supplendisqne
1036 1678 1175 1744 hiatibus
1203 1679 1333 1743 audacia
1363 1679 1423 1744 ali-

292 1785 409 1865 quanto
430 1780 553 1846 facilius
577 1782 680 1845 enasci
703 1781 818 1863 potnit.
848 1781 896 1845 his
916 1781 999 1845 enim
1014 1781 1119 1847 uerbis
1135 1782 1350 1847 Mommsenus
1364 1782 1424 1845 Al-

293 1884 365 1949 eieti
386 1883 556 1965 imaginem
583 1883 781 1949 adumbrauit
806 1885 850 1965 (p.
874 1884 969 1965 620:
997 1883 1051 1948 nti
1073 1883 1425 1968 necennensium

291 1987 438 2063 dininot,
467 1986 574 2050 tintus
595 1991 700 2051 entem
721 2007 789 2051 non
810 1990 879 2051 tam
900 1988 1001 2068 sapiet
1022 1988 1199 2052 comiodum
1224 2006 1321 2069 quom
1342 1986 1426 2051 odat

291 2094 319 2155 et
341 2090 453 2171 oliqno
476 2093 543 2153 arte
565 2088 732 2165 abscondit,
756 2096 792 2154 ot
813 2090 900 2155 titedi
922 2091 1002 2163 ledn
1021 2091 1219 2174 difficiliores
1239 2109 1316 2171 qnos
1337 2108 1425 2154 ococ-

285 2195 399 2275 pimns
426 2193 466 2257 ct
493 2213 559 2257 nno
581 2193 708 2258 Alcinio
733 2194 921 2276 plerumque
952 2194 1123 2279 allegandi
1156 2195 1222 2259 sint
1252 2194 1337 2256 inter
1368 2194 1426 2255 in·

292 2296 465 2375 sanctitas,
488 2300 581 2380 etque
604 2314 640 2360 ee
662 2314 733 2360 cnm
756 2300 930 2363 carminum
952 2299 1062 2381 forma,
1091 2318 1184 2381 quam
1206 2295 1327 2379 sylloge
1349 2315 1425 2378 prae

292 2420 324 2466 se
344 2400 424 2483 lert,
455 2402 593 2483 apprime
622 2400 775 2480 conuenit,
809 2402 892 2483 quod
927 2403 1005 2467 haec
1035 2402 1176 2485 exemplc
1210 2404 1425 2467 demonstrare

292 2506 436 2586 possunt:
469 2502 548 2568 ΟΠ
571 2504 622 2580 79,
650 2504 670 2568 6
703 2504 853 2569 disseruit
880 2507 1013 2588 populis
1045 2505 1193 2587 dcqmmo
1225 2524 1310 2568 eman
1338 2524 1425 2585 puer

294 2610 392 2691 (cono
406 2627 445 2687 p.
460 2626 497 2687 p.
521 2607 551 2670 d.
575 2607 725 2672 discernit
755 2609 869 2690 codd),
892 2610 945 2687 80,
970 2609 987 2673 1
1013 2608 1157 2690 Tigridis
1183 2612 1340 2673 extreme
1361 2627 1426 2689 po-

291 2716 375 2776 tator
407 2710 555 2775 Mardus
583 2710 688 2775 undae
714 2710 879 2792 (Morotns
900 2732 925 2775 c.
941 2732 977 2792 p.
1002 2710 1147 2793 Tigridis
1172 2712 1279 2776 medae
1309 2712 1426 2796 codd),

291 2815 347 2880 ubi
380 2816 477 2880 uerba
498 2815 619 2880 incun'e
648 2814 781 2879 fortasse
806 2814 1011 2896 transposuit,
1034 2816 1084 2896 79,
1110 2814 1151 2878 10
1172 2820 1200 2879 et
1220 2814 1309 2879 cibus
1335 2814 1426 2878 hond

292 2920 398 2984 dmnct
411 2920 502 2983 lactis
513 2918 674 3001 apostolici
688 2919 765 3000 (non
778 2917 884 2981 deerat
893 2922 1010 2997 nostin
1023 2918 1116 2983 lectis
1129 2916 1296 3000 apostotici
1306 2918 1425 2999 codd),

292 3022 402 3101 87,10
423 3022 524 3087 haesit
545 3022 588 3086 ad
610 3022 792 3102 adspectum
814 3022 948 3085 luminis
962 3022 1094 3087 alterins
1111 3022 1152 3105 (t.
1167 3042 1196 3086 a.
1213 3041 1242 3085 a.
1260 3020 1425 3101 lampadis

291 3146 323 3192 o.
339 3126 439 3208 codd.)
465 3128 590 3209 propter
610 3126 737 3191 insolita
759 3129 877 3205 pestus
898 3129 932 3189 et
953 3124 1114 3207 lampadis
1128 3126 1281 3191 uocabula
1296 3126 1427 3190 licentia

292 3232 414 3294 mutare
436 3229 549 3311 potuit,
571 3247 650 3310 quae
672 3232 789 3311 quante
811 3230 854 3293 sit
876 3230 1024 3295 carminis
1039 3230 1205 3295 sorerem
1219 3230 1305 3296 4-8
1319 3228 1425 3295 decie-

291 3338 379 3409 rent,
407 3350 483 3415 quos
505 3333 682 3397 Ennodieno
714 3332 817 3397 colore
845 3332 983 3416 insignes
1009 3334 1083 3397 libri
1105 3335 1150 3398 sic
1171 3332 1334 3398 exhibente

552 3433 685 3499 Orditm
705 3440 812 3499 nctem
832 3436 956 3500 dotibm
977 3436 1167 3520 innumeris,

446 3536 591 3621 Pernigil
615 3539 754 3602 intentos
775 3539 902 3603 ieiunos
921 3540 1079 3620 pronidns
1100 3540 1233 3603 ardens:

551 3641 639 3724 Qnod
660 3660 776 3707 morem
798 3644 899 3707 temnit
921 3648 971 3707 sot
991 3642 1056 3723 fnit
1077 3642 1191 3725 officio.

451 3742 492 3808 Os
514 3749 655 3809 teneram
677 3746 819 3826 quotiens
839 3750 951 3828 ynstm
972 3746 1126 3827 contingit
1147 3745 1278 3821 honesti,

552 3848 685 3913 Transit
708 3848 751 3913 od
773 3849 932 3931 adfectum
953 3848 1035 3929 qnod
1054 3850 1119 3929 fnit
1140 3848 1278 3929 inriserit.

785 3969 929 4035 Alcictus

547 4070 683 4135 Dotilms
704 4060 886 4136 innumeris
907 4070 1145 4152 emendandos
1167 4075 1245 4148 erat,
1270 4094 1274 4101 ·

447 4173 591 4257 Perm'yit
614 4176 756 4241 intentos
777 4176 907 4240 iciunis
921 4174 1082 4256 procidas
1103 4175 1220 4239 ardens

553 4278 665 4359 Officio
686 4283 779 4359 atque
801 4279 889 4342 omni
910 4280 1016 4341 motor
1036 4278 1150 4342 honore
1165 4282 1270 4357 pater.
