2992 4967
292 330 356 399 368
651 328 765 399 logni
783 328 910 385 Felicis
927 328 1058 385 ltnnodi

293 519 424 605 allego,
457 518 497 583 sd
524 517 702 585 referendos
730 518 848 602 optimo
875 518 944 601 regi
971 524 1038 584 tam
1058 534 1115 601 pro
1135 519 1226 587 nobis
1247 537 1345 603 quam
1369 538 1428 605 pro

292 642 327 687 se
347 624 414 706 ipso
442 622 560 706 gratias
587 621 657 705 plus
685 640 737 687 me
766 619 882 687 sentim
909 638 999 705 posse
1030 638 1126 704 quam
1146 624 1258 707 elopon'.
1298 622 1430 689 iustitia

292 728 377 809 prius
399 742 440 791 an
463 723 619 790 bellorum
641 724 862 790 exereitstione
877 742 928 800 an,
950 722 1032 807 quod
1054 724 1103 790 his
1126 726 1339 809 praestantius
1365 731 1430 801 est,

293 846 401 895 omnes
426 828 511 895 retro
539 828 742 910 imperatores
771 830 804 891 te
832 825 951 909 pietate
972 844 1136 909 superasse
1155 831 1430 895 commemorem?

292 932 387 998 habes
409 931 491 998 unde
512 930 616 1013 gentis
643 932 769 996 noemae
798 932 933 995 rectores
959 946 1102 997 aoouass:
1130 931 1168 997 tu
1193 932 1322 997 redimis
1345 948 1461 1015 quoss

292 1034 341 1101 illi
363 1053 510 1119 persaepe
538 1034 594 1101 ant
620 1032 831 1117 permiserunt
851 1031 921 1099 fiori
940 1034 998 1099 sut
1018 1032 1163 1100 feserunt
1183 1034 1243 1119 ipsi
1266 1034 1429 1117 eaptiuos.

293 1138 395 1205 Dauid
432 1139 568 1223 legimus
594 1156 660 1224 pro
693 1137 862 1217 singularis
897 1135 1087 1203 laudationis
1125 1137 1265 1221 exemplo
1301 1138 1429 1204 idoiroo

292 1242 427 1307 menime
450 1242 606 1307 saelorum
628 1238 845 1323 proximitates
858 1239 1031 1323 indeptum,
1055 1240 1137 1322 quod
1151 1239 1258 1306 oblato
1273 1241 1429 1307 manibus

293 1346 357 1411 suis
379 1343 467 1411 Sauli
488 1344 628 1427 peperoit
648 1342 775 1409 iuimioo
798 1343 831 1407 st
858 1342 893 1407 in
913 1342 1129 1409 testimonium
1150 1360 1311 1411 oonoesme
1332 1346 1428 1428 pote-

293 1445 580 1513 numerariorum
597 1447 663 1513 sius
684 1444 875 1529 pertitulam
894 1446 1008 1531 repsit,
1031 1465 1087 1529 per
1101 1464 1196 1531 quarn
1211 1452 1244 1511 et
1257 1445 1458 1513 lieentiamo

292 1550 436 1633 probaret
473 1551 505 1615 et
541 1552 662 1615 uotum.
702 1549 779 1615 deus
816 1548 913 1615 bonet
950 1549 985 1614 in
1020 1553 1136 1633 quanta
1171 1550 1425 1616 remuneratione

292 1652 385 1719 huius
418 1652 536 1719 fastum
572 1651 703 1736 suseipis
724 1670 781 1735 pro
803 1655 852 1719 tot
877 1651 1004 1719 milium
1031 1669 1248 1737 oppressorum
1274 1651 1426 1719 libertate

293 1753 467 1833 tractantis,
491 1754 545 1837 qui
567 1754 659 1819 illum
681 1770 735 1836 pro
758 1754 852 1820 nnius
871 1755 988 1821 seruati
1004 1754 1139 1821 hominis
1152 1755 1308 1841 sauguine
1320 1755 1424 1823 subli-

293 1856 397 1922 masti.
427 1874 538 1941 perage
560 1874 631 1938 ergo
646 1858 757 1940 ooepta
770 1856 903 1923 festinus
917 1860 949 1923 et
963 1856 1127 1923 folioitatis
1142 1861 1215 1925 tuso
1228 1859 1423 1926 oblationem

292 1960 394 2025 laetus
423 1960 553 2042 adporto
573 1976 699 2042 meque,
730 1961 875 2041 quamuis
897 1960 1124 2043 s1mparatua,
1154 1962 1303 2041 stimula,
1327 1980 1370 2027 ne
1391 1961 1453 2028 ins

293 2062 447 2127 offerendo
481 2064 549 2129 tom
584 2061 710 2128 odorato
742 2062 895 2128 soorifioio
931 2061 1092 2128 tarditatis
1125 2062 1214 2129 obiso
1244 2063 1424 2129 refreneris.

293 2162 411 2231 Christi
444 2162 650 2248 redemptoris
679 2165 779 2231 nostri
808 2165 868 2229 stit
896 2164 1074 2245 oonoedere‚
1108 2165 1193 2231 siout
1217 2167 1422 2251 exoperibus

293 2266 435 2333 futurum
463 2268 648 2347 oonioimus,
677 2272 714 2333 ut
735 2287 809 2333 uere
833 2268 1015 2334 holooausta
1044 2272 1102 2333 tua
1123 2287 1179 2351 per
1199 2288 1285 2335 meas
1306 2288 1422 2335 manns

293 2370 392 2455 possis
413 2370 533 2436 offerre.
564 2388 672 2452 prooor
686 2372 803 2446 nmen,
825 2370 862 2435 ut
874 2370 1001 2437 indultu
1015 2370 1201 2438 elementiae
1215 2374 1287 2437 tuae
1304 2371 1421 2454 Viotor,

294 2472 473 2539 Teuriuatis
509 2472 595 2539 urbis
629 2473 804 2558 episeopus,
837 2490 941 2541 eomes
972 2473 1052 2539 mihi
1083 2476 1115 2539 et
1144 2475 1299 2558 particeps
1327 2474 1451 2540 huiusa

292 2575 414 2642 itineris
448 2575 652 2661 adiungatur,
684 2577 718 2643 in
751 2596 811 2661 quo
845 2577 966 2643 olnrum
998 2580 1045 2643 est
1078 2578 1247 2660 epitomum
1279 2575 1423 2642 omnium

293 2678 450 2745 uirtutum
479 2683 638 2746 constare:
666 2699 726 2763 quo
753 2680 835 2747 sooio
864 2680 1002 2749 adhibito
1025 2681 1064 2747 do
1085 2680 1142 2746 deo
1164 2682 1422 2747 nostrorseounus

294 2784 445 2867 spondeo,
475 2784 598 2851 nullum
627 2783 770 2851 effoetum
796 2784 927 2869 propriis
948 2782 1153 2869 petitionibus
1172 2782 1421 2867 abnegandum’.

396 2995 413 3049 2
430 2995 463 3053 of.
482 2995 562 3067 Vsrp.
581 2995 647 3053 Aen
665 2995 705 3051 nl
723 2995 774 3051 126

347 3192 482 3261 ldptimo
501 3206 550 3247 ont
569 3191 652 3247 Sim
751 3189 857 3260 dipso·
882 3190 907 3242 Τ
1005 3190 1308 3259 3qd(qexooorr.)
1327 3189 1354 3244 L

294 3294 458 3364 prestantius
482 3294 509 3349 Β
600 3296 617 3349 5
634 3294 711 3351 hobis
728 3295 768 3350 B¹
786 3300 817 3350 ut
828 3293 941 3349 susos
1027 3296 1120 3363 gentes
1137 3292 1164 3347 Β
1250 3292 1367 3348 rodomas
1384 3292 1421 3357 Β,

293 3396 406 3451 redimes
416 3395 490 3453 Boii.
570 3396 764 3467 isinplarisT
845 3395 1053 3467 Sindtptumi‘
1136 3394 1251 3465 amun]
1264 3396 1317 3451 tali
1330 3398 1356 3451 Τ

293 3499 439 3569 peperoorit
461 3514 495 3555 sn
517 3498 636 3569 pepercit
661 3498 688 3553 Τ
707 3514 793 3566 rora,
821 3498 935 3569 persipit
957 3498 985 3553 L
1104 3497 1299 3567 testimonium]
1322 3500 1416 3553 tertam

294 3601 376 3660 serm.
463 3604 495 3659 11
508 3604 607 3675 quante
621 3602 654 3655 1¹¹
741 3601 774 3656 12
785 3600 891 3656 milium
903 3601 1009 3671 nosipsi,
1026 3600 1138 3655 mitibus
1150 3600 1215 3655 istri
1294 3599 1328 3654 13
1339 3600 1416 3653 nnius

295 3723 426 3780 Times.
525 3723 711 3795 sanguinaeB
810 3724 843 3779 14
859 3723 932 3793 orgo]
945 3720 1116 3792 igiturBotl.
1216 3694 1370 3776 ltstimuls
1381 3720 1415 3787 Β,

295 3826 403 3883 stimulo
422 3828 494 3884 nota
586 3826 619 3882 16
636 3799 746 3883 {dorato
763 3826 791 3881 Β
881 3825 1025 3881 refreneris
1043 3838 1077 3881 en
1093 3824 1226 3879 sedunens
1246 3823 1351 3879 Veorr.

295 3930 328 3984 18
345 3929 492 3985 oouiosmus
508 3928 536 3984 Β
623 3946 718 3987 manus
732 3945 804 3985 meas
822 3929 989 3987 mosset
1001 3928 1082 3986 Sim
1173 3924 1208 3981 Β)
1224 3924 1308 3981 oomis
1325 3926 1351 3979 Β

293 4032 328 4088 21
345 4032 480 4102 epithema
497 4032 614 4102 now,
643 4034 760 4103 epitoma
777 4032 873 4101 Sim„
896 4048 945 4088 eoo
964 4032 1091 4089 Matio
1103 4036 1130 4086 et
1141 4028 1214 4087 non
1309 4030 1342 4084 22
1358 4042 1412 4083 ooo·

294 4136 365 4189 stare
392 4150 442 4191 ooo.
469 4134 553 4193 Sim.
669 4137 739 4193 sotio
765 4132 891 4190 adhibeto
918 4135 945 4190 B
1058 4140 1075 4189 n
1101 4132 1205 4199 ΒΤΨ,
1233 4148 1299 4188 non·
1325 4132 1350 4187 L

294 4254 328 4310 sa
345 4254 488 4323 responso
506 4254 591 4313 snt
691 4228 877 4341 §onmem
897 4256 925 4311 n
