<?xml version="1.0" encoding="UTF-8"?>
<!DOCTYPE html PUBLIC "-//W3C//DTD XHTML 1.0 Transitional//EN"
    "http://www.w3.org/TR/xhtml1/DTD/xhtml1-transitional.dtd">
<html xmlns="http://www.w3.org/1999/xhtml" xml:lang="en" lang="en">
 <head>
  <title>
</title>
<meta http-equiv="Content-Type" content="text/html;charset=utf-8" />
  <meta name='ocr-system' content='tesseract 3.04.00' />
  <meta name='ocr-capabilities' content='ocr_page ocr_carea ocr_par ocr_line ocrx_word'/>
</head>
<body>
  <div class='ocr_page' id='page_1' title='image "./corpusscriptoru10wissgoog/corpusscriptoru10wissgoog_0172.png"; bbox 0 0 2992 4967; ppageno 0'>
   <div class='ocr_carea' id='block_1_1' title="bbox 632 323 1041 393">
    <p class='ocr_par' dir='ltr' id='par_1_1' title="bbox 632 323 1041 393">
     <span class='ocr_line' id='line_1_1' title="bbox 632 323 1041 393; baseline 0.007 -15"><span class='ocrx_word' id='word_1_1' title='bbox 632 323 747 393; x_wconf 76' lang='lat' dir='ltr'>Magni</span> <span class='ocrx_word' id='word_1_2' title='bbox 764 323 894 380; x_wconf 77' lang='lat' dir='ltr'>Felicis</span> <span class='ocrx_word' id='word_1_3' title='bbox 911 324 1041 381; x_wconf 71' lang='lat' dir='ltr'>Lanodi</span> 
     </span>
    </p>
   </div>
   <div class='ocr_carea' id='block_1_2' title="bbox 651 515 1014 710">
    <p class='ocr_par' dir='ltr' id='par_1_2' title="bbox 651 515 1014 710">
     <span class='ocr_line' id='line_1_2' title="bbox 779 515 895 582; baseline -0.009 0"><span class='ocrx_word' id='word_1_4' title='bbox 779 515 895 582; x_wconf 83' lang='lat' dir='ltr'>xxvl.</span> 
     </span>
     <span class='ocr_line' id='line_1_3' title="bbox 651 649 1014 710; baseline 0.008 -5"><span class='ocrx_word' id='word_1_5' title='bbox 651 649 835 710; x_wconf 73' lang='lat' dir='ltr'>nnsomvs</span> <span class='ocrx_word' id='word_1_6' title='bbox 858 651 1014 708; x_wconf 70' lang='lat' dir='ltr'>stamma.</span> 
     </span>
    </p>
   </div>
   <div class='ocr_carea' id='block_1_3' title="bbox 273 773 1439 1274">
    <p class='ocr_par' dir='ltr' id='par_1_3' title="bbox 273 773 1439 1274">
     <span class='ocr_line' id='line_1_4' title="bbox 315 773 1403 861; baseline -0.002 -19"><span class='ocrx_word' id='word_1_7' title='bbox 315 775 382 842; x_wconf 77' lang='lat' dir='ltr'>Aut</span> <span class='ocrx_word' id='word_1_8' title='bbox 413 773 507 840; x_wconf 87' lang='lat' dir='ltr'>alitur</span> <span class='ocrx_word' id='word_1_9' title='bbox 534 773 591 840; x_wconf 87' lang='lat' dir='ltr'>aut</span> <span class='ocrx_word' id='word_1_10' title='bbox 619 775 810 840; x_wconf 73' lang='lat' dir='ltr'><strong>sustentatur</strong></span> <span class='ocrx_word' id='word_1_11' title='bbox 840 774 1005 861; x_wconf 73' lang='lat' dir='ltr'>scriptione</span> <span class='ocrx_word' id='word_1_12' title='bbox 1034 775 1212 860; x_wconf 73' lang='lat' dir='ltr'>diligentia:</span> <span class='ocrx_word' id='word_1_13' title='bbox 1252 775 1403 842; x_wconf 89' lang='lat' dir='ltr'>ministra</span> 
     </span>
     <span class='ocr_line' id='line_1_5' title="bbox 273 874 1402 959; baseline 0.001 -15"><span class='ocrx_word' id='word_1_14' title='bbox 273 874 442 944; x_wconf 80' lang='lat' dir='ltr'>affectionis</span> <span class='ocrx_word' id='word_1_15' title='bbox 457 879 506 942; x_wconf 91' lang='lat' dir='ltr'>est</span> <span class='ocrx_word' id='word_1_16' title='bbox 520 875 700 959; x_wconf 72' lang='lat' dir='ltr'>epistularis</span> <span class='ocrx_word' id='word_1_17' title='bbox 715 876 942 944; x_wconf 80' lang='lat' dir='ltr'>mulabnlatio:</span> <span class='ocrx_word' id='word_1_18' title='bbox 960 879 1050 943; x_wconf 89' lang='lat' dir='ltr'>muta</span> <span class='ocrx_word' id='word_1_19' title='bbox 1064 877 1176 944; x_wconf 65' lang='lat' dir='ltr'>carius</span> <span class='ocrx_word' id='word_1_20' title='bbox 1192 879 1402 945; x_wconf 88' lang='lat' dir='ltr'>simulacrum</span> 
     </span>
     <span class='ocr_line' id='line_1_6' title="bbox 273 979 1439 1066; baseline 0.002 -20"><span class='ocrx_word' id='word_1_21' title='bbox 273 981 450 1064; x_wconf 88' lang='lat' dir='ltr'>praesentat</span> <span class='ocrx_word' id='word_1_22' title='bbox 470 979 605 1064; x_wconf 75' lang='lat' dir='ltr'>ingrati:</span> <span class='ocrx_word' id='word_1_23' title='bbox 629 979 785 1062; x_wconf 88' lang='lat' dir='ltr'>depretiat</span> <span class='ocrx_word' id='word_1_24' title='bbox 806 981 931 1066; x_wconf 90' lang='lat' dir='ltr'>genium</span> <span class='ocrx_word' id='word_1_25' title='bbox 949 999 1042 1047; x_wconf 86' lang='lat' dir='ltr'>snam</span> <span class='ocrx_word' id='word_1_26' title='bbox 1056 1000 1133 1065; x_wconf 87' lang='lat' dir='ltr'>quae</span> <span class='ocrx_word' id='word_1_27' title='bbox 1156 981 1191 1046; x_wconf 92' lang='lat' dir='ltr'>in</span> <span class='ocrx_word' id='word_1_28' title='bbox 1212 999 1322 1048; x_wconf 90' lang='lat' dir='ltr'>uocem</span> <span class='ocrx_word' id='word_1_29' title='bbox 1337 999 1401 1048; x_wconf 90' lang='lat' dir='ltr'>non</span> <span class='ocrx_word' id='word_1_30' title='bbox 1422 1006 1439 1048; x_wconf 78' lang='lat' dir='ltr'>s</span> 
     </span>
     <span class='ocr_line' id='line_1_7' title="bbox 273 1082 1401 1168; baseline 0.004 -20"><span class='ocrx_word' id='word_1_31' title='bbox 273 1085 447 1168; x_wconf 83' lang='lat' dir='ltr'>prorumpit</span> <span class='ocrx_word' id='word_1_32' title='bbox 468 1082 617 1150; x_wconf 89' lang='lat' dir='ltr'>amicitia.</span> <span class='ocrx_word' id='word_1_33' title='bbox 640 1082 718 1149; x_wconf 90' lang='lat' dir='ltr'>bene</span> <span class='ocrx_word' id='word_1_34' title='bbox 731 1087 887 1149; x_wconf 86' lang='lat' dir='ltr'>secretum</span> <span class='ocrx_word' id='word_1_35' title='bbox 902 1087 1035 1168; x_wconf 88' lang='lat' dir='ltr'>pectoris</span> <span class='ocrx_word' id='word_1_36' title='bbox 1056 1089 1211 1150; x_wconf 87' lang='lat' dir='ltr'>reseratur</span> <span class='ocrx_word' id='word_1_37' title='bbox 1233 1087 1322 1152; x_wconf 88' lang='lat' dir='ltr'>clane</span> <span class='ocrx_word' id='word_1_38' title='bbox 1335 1104 1401 1152; x_wconf 88' lang='lat' dir='ltr'>ser·</span> 
     </span>
     <span class='ocr_line' id='line_1_8' title="bbox 273 1185 1400 1274; baseline 0.003 -21"><span class='ocrx_word' id='word_1_39' title='bbox 273 1187 389 1254; x_wconf 87' lang='lat' dir='ltr'>monis:</span> <span class='ocrx_word' id='word_1_40' title='bbox 418 1186 597 1272; x_wconf 78' lang='lat' dir='ltr'>dignatione</span> <span class='ocrx_word' id='word_1_41' title='bbox 621 1189 726 1252; x_wconf 87' lang='lat' dir='ltr'>nestra</span> <span class='ocrx_word' id='word_1_42' title='bbox 746 1185 811 1252; x_wconf 90' lang='lat' dir='ltr'>iam</span> <span class='ocrx_word' id='word_1_43' title='bbox 833 1187 945 1271; x_wconf 89' lang='lat' dir='ltr'>potior.</span> <span class='ocrx_word' id='word_1_44' title='bbox 961 1188 1038 1254; x_wconf 87' lang='lat' dir='ltr'>haec</span> <span class='ocrx_word' id='word_1_45' title='bbox 1059 1207 1116 1274; x_wconf 90' lang='lat' dir='ltr'>pro</span> <span class='ocrx_word' id='word_1_46' title='bbox 1137 1189 1256 1274; x_wconf 91' lang='lat' dir='ltr'>ingenii</span> <span class='ocrx_word' id='word_1_47' title='bbox 1277 1189 1400 1256; x_wconf 85' lang='lat' dir='ltr'>uiribus</span> 
     </span>
    </p>
   </div>
   <div class='ocr_carea' id='block_1_4' title="bbox 272 1288 1437 2720">
    <p class='ocr_par' dir='ltr' id='par_1_4' title="bbox 272 1288 1437 2720">
     <span class='ocr_line' id='line_1_9' title="bbox 273 1288 1399 1376; baseline 0.002 -19"><span class='ocrx_word' id='word_1_48' title='bbox 273 1290 426 1376; x_wconf 88' lang='lat' dir='ltr'>paginalis</span> <span class='ocrx_word' id='word_1_49' title='bbox 450 1289 617 1356; x_wconf 91' lang='lat' dir='ltr'>conmeroii</span> <span class='ocrx_word' id='word_1_50' title='bbox 639 1288 812 1355; x_wconf 88' lang='lat' dir='ltr'>libamento</span> <span class='ocrx_word' id='word_1_51' title='bbox 834 1289 990 1370; x_wconf 74' lang='lat' dir='ltr'>ostiensi,</span> <span class='ocrx_word' id='word_1_52' title='bbox 1013 1311 1067 1375; x_wconf 90' lang='lat' dir='ltr'>per</span> <span class='ocrx_word' id='word_1_53' title='bbox 1088 1311 1167 1374; x_wconf 85' lang='lat' dir='ltr'>quae</span> <span class='ocrx_word' id='word_1_54' title='bbox 1189 1311 1304 1375; x_wconf 90' lang='lat' dir='ltr'>usurpo</span> <span class='ocrx_word' id='word_1_55' title='bbox 1325 1294 1399 1359; x_wconf 88' lang='lat' dir='ltr'>nin·</span> 
     </span>
     <span class='ocr_line' id='line_1_10' title="bbox 273 1393 1399 1477; baseline 0.001 -15"><span class='ocrx_word' id='word_1_56' title='bbox 273 1393 374 1462; x_wconf 89' lang='lat' dir='ltr'>dicare</span> <span class='ocrx_word' id='word_1_57' title='bbox 396 1393 475 1460; x_wconf 88' lang='lat' dir='ltr'>milri</span> <span class='ocrx_word' id='word_1_58' title='bbox 497 1393 645 1461; x_wconf 88' lang='lat' dir='ltr'>meritum</span> <span class='ocrx_word' id='word_1_59' title='bbox 668 1393 738 1477; x_wconf 87' lang='lat' dir='ltr'>plus</span> <span class='ocrx_word' id='word_1_60' title='bbox 761 1393 904 1461; x_wconf 90' lang='lat' dir='ltr'>amantis.</span> <span class='ocrx_word' id='word_1_61' title='bbox 943 1413 1034 1460; x_wconf 93' lang='lat' dir='ltr'>nemo</span> <span class='ocrx_word' id='word_1_62' title='bbox 1063 1396 1149 1460; x_wconf 87' lang='lat' dir='ltr'>enim</span> <span class='ocrx_word' id='word_1_63' title='bbox 1170 1395 1399 1462; x_wconf 86' lang='lat' dir='ltr'>taciturnitatis</span> 
     </span>
     <span class='ocr_line' id='line_1_11' title="bbox 273 1497 1437 1583; baseline 0.001 -20"><span class='ocrx_word' id='word_1_64' title='bbox 273 1498 422 1583; x_wconf 87' lang='lat' dir='ltr'>repagulo</span> <span class='ocrx_word' id='word_1_65' title='bbox 444 1515 498 1564; x_wconf 88' lang='lat' dir='ltr'>ora</span> <span class='ocrx_word' id='word_1_66' title='bbox 520 1497 662 1582; x_wconf 86' lang='lat' dir='ltr'>porrigit,</span> <span class='ocrx_word' id='word_1_67' title='bbox 685 1515 777 1581; x_wconf 86' lang='lat' dir='ltr'>quem</span> <span class='ocrx_word' id='word_1_68' title='bbox 793 1497 891 1563; x_wconf 90' lang='lat' dir='ltr'>decisi</span> <span class='ocrx_word' id='word_1_69' title='bbox 912 1497 1043 1565; x_wconf 88' lang='lat' dir='ltr'>foederis</span> <span class='ocrx_word' id='word_1_70' title='bbox 1066 1517 1238 1565; x_wconf 88' lang='lat' dir='ltr'>memorem</span> <span class='ocrx_word' id='word_1_71' title='bbox 1259 1500 1400 1583; x_wconf 90' lang='lat' dir='ltr'>proditor</span> <span class='ocrx_word' id='word_1_72' title='bbox 1409 1524 1437 1565; x_wconf 82' lang='lat' dir='ltr'>ro</span> 
     </span>
     <span class='ocr_line' id='line_1_12' title="bbox 273 1601 1401 1687; baseline 0 -18"><span class='ocrx_word' id='word_1_73' title='bbox 273 1603 387 1669; x_wconf 88' lang='lat' dir='ltr'>mentis</span> <span class='ocrx_word' id='word_1_74' title='bbox 408 1603 532 1687; x_wconf 89' lang='lat' dir='ltr'>loquela</span> <span class='ocrx_word' id='word_1_75' title='bbox 553 1619 616 1667; x_wconf 90' lang='lat' dir='ltr'>nen</span> <span class='ocrx_word' id='word_1_76' title='bbox 630 1601 756 1667; x_wconf 88' lang='lat' dir='ltr'>deserit.</span> <span class='ocrx_word' id='word_1_77' title='bbox 780 1601 952 1686; x_wconf 86' lang='lat' dir='ltr'>principem</span> <span class='ocrx_word' id='word_1_78' title='bbox 967 1620 1039 1686; x_wconf 88' lang='lat' dir='ltr'>ergo</span> <span class='ocrx_word' id='word_1_79' title='bbox 1062 1603 1164 1668; x_wconf 87' lang='lat' dir='ltr'>locam</span> <span class='ocrx_word' id='word_1_80' title='bbox 1187 1602 1401 1669; x_wconf 78' lang='lat' dir='ltr'>inlitteratis</span> 
     </span>
     <span class='ocr_line' id='line_1_13' title="bbox 273 1703 1397 1791; baseline 0 -19"><span class='ocrx_word' id='word_1_81' title='bbox 273 1706 487 1772; x_wconf 87' lang='lat' dir='ltr'>communione</span> <span class='ocrx_word' id='word_1_82' title='bbox 509 1703 653 1788; x_wconf 87' lang='lat' dir='ltr'>possideo</span> <span class='ocrx_word' id='word_1_83' title='bbox 676 1709 709 1770; x_wconf 92' lang='lat' dir='ltr'>et</span> <span class='ocrx_word' id='word_1_84' title='bbox 730 1705 841 1771; x_wconf 89' lang='lat' dir='ltr'>maiori</span> <span class='ocrx_word' id='word_1_85' title='bbox 864 1705 988 1771; x_wconf 92' lang='lat' dir='ltr'>cultura</span> <span class='ocrx_word' id='word_1_86' title='bbox 1002 1706 1116 1791; x_wconf 89' lang='lat' dir='ltr'>dignus</span> <span class='ocrx_word' id='word_1_87' title='bbox 1138 1724 1219 1787; x_wconf 89' lang='lat' dir='ltr'>sum,</span> <span class='ocrx_word' id='word_1_88' title='bbox 1244 1706 1297 1789; x_wconf 90' lang='lat' dir='ltr'>qui</span> <span class='ocrx_word' id='word_1_89' title='bbox 1310 1708 1397 1790; x_wconf 92' lang='lat' dir='ltr'>prior</span> 
     </span>
     <span class='ocr_line' id='line_1_14' title="bbox 272 1807 1400 1894; baseline 0 -20"><span class='ocrx_word' id='word_1_90' title='bbox 272 1807 348 1890; x_wconf 85' lang='lat' dir='ltr'>qnid</span> <span class='ocrx_word' id='word_1_91' title='bbox 381 1807 530 1890; x_wconf 86' lang='lat' dir='ltr'>gestirem</span> <span class='ocrx_word' id='word_1_92' title='bbox 561 1808 697 1890; x_wconf 84' lang='lat' dir='ltr'>patefeci</span> <span class='ocrx_word' id='word_1_93' title='bbox 726 1809 850 1893; x_wconf 89' lang='lat' dir='ltr'>linguae</span> <span class='ocrx_word' id='word_1_94' title='bbox 886 1809 1075 1875; x_wconf 86' lang='lat' dir='ltr'>testimonio.</span> <span class='ocrx_word' id='word_1_95' title='bbox 1114 1827 1185 1874; x_wconf 87' lang='lat' dir='ltr'>ecoe</span> <span class='ocrx_word' id='word_1_96' title='bbox 1212 1809 1400 1894; x_wconf 88' lang='lat' dir='ltr'>religionem</span> 
     </span>
     <span class='ocr_line' id='line_1_15' title="bbox 273 1911 1399 1995; baseline -0.002 -17"><span class='ocrx_word' id='word_1_97' title='bbox 273 1913 450 1995; x_wconf 86' lang='lat' dir='ltr'>dirigendae</span> <span class='ocrx_word' id='word_1_98' title='bbox 471 1913 605 1995; x_wconf 81' lang='lat' dir='ltr'>paginae</span> <span class='ocrx_word' id='word_1_99' title='bbox 628 1912 694 1977; x_wconf 88' lang='lat' dir='ltr'>sine</span> <span class='ocrx_word' id='word_1_100' title='bbox 718 1913 800 1977; x_wconf 89' lang='lat' dir='ltr'>nube</span> <span class='ocrx_word' id='word_1_101' title='bbox 821 1911 962 1978; x_wconf 87' lang='lat' dir='ltr'>disserui.</span> <span class='ocrx_word' id='word_1_102' title='bbox 985 1913 1128 1978; x_wconf 67' lang='lat' dir='ltr'>uastum</span> <span class='ocrx_word' id='word_1_103' title='bbox 1152 1915 1201 1979; x_wconf 94' lang='lat' dir='ltr'>est</span> <span class='ocrx_word' id='word_1_104' title='bbox 1221 1913 1256 1978; x_wconf 94' lang='lat' dir='ltr'>in</span> <span class='ocrx_word' id='word_1_105' title='bbox 1278 1931 1330 1977; x_wconf 93' lang='lat' dir='ltr'>me</span> <span class='ocrx_word' id='word_1_106' title='bbox 1349 1911 1399 1976; x_wconf 83' lang='lat' dir='ltr'>io-</span> 
     </span>
     <span class='ocr_line' id='line_1_16' title="bbox 273 2013 1434 2099; baseline -0.003 -18"><span class='ocrx_word' id='word_1_107' title='bbox 273 2033 346 2082; x_wconf 91' lang='lat' dir='ltr'>nere</span> <span class='ocrx_word' id='word_1_108' title='bbox 369 2015 450 2099; x_wconf 90' lang='lat' dir='ltr'>quod</span> <span class='ocrx_word' id='word_1_109' title='bbox 472 2013 652 2098; x_wconf 78' lang='lat' dir='ltr'>recepistis,</span> <span class='ocrx_word' id='word_1_110' title='bbox 690 2032 730 2080; x_wconf 91' lang='lat' dir='ltr'>ne</span> <span class='ocrx_word' id='word_1_111' title='bbox 758 2014 877 2081; x_wconf 88' lang='lat' dir='ltr'>iudicia</span> <span class='ocrx_word' id='word_1_112' title='bbox 906 2015 1054 2082; x_wconf 88' lang='lat' dir='ltr'>culminis</span> <span class='ocrx_word' id='word_1_113' title='bbox 1085 2018 1185 2082; x_wconf 91' lang='lat' dir='ltr'>uestri</span> <span class='ocrx_word' id='word_1_114' title='bbox 1205 2033 1257 2080; x_wconf 90' lang='lat' dir='ltr'>me</span> <span class='ocrx_word' id='word_1_115' title='bbox 1277 2014 1434 2081; x_wconf 73' lang='lat' dir='ltr'>iacentes</span> 
     </span>
     <span class='ocr_line' id='line_1_17' title="bbox 274 2118 1401 2202; baseline -0.001 -17"><span class='ocrx_word' id='word_1_116' title='bbox 274 2119 435 2202; x_wconf 84' lang='lat' dir='ltr'>patiantur</span> <span class='ocrx_word' id='word_1_117' title='bbox 456 2136 593 2184; x_wconf 84' lang='lat' dir='ltr'>examen.</span> <span class='ocrx_word' id='word_1_118' title='bbox 633 2118 758 2200; x_wconf 78' lang='lat' dir='ltr'>exponit</span> <span class='ocrx_word' id='word_1_119' title='bbox 789 2120 873 2184; x_wconf 91' lang='lat' dir='ltr'>enim</span> <span class='ocrx_word' id='word_1_120' title='bbox 907 2137 1056 2184; x_wconf 88' lang='lat' dir='ltr'>censurae</span> <span class='ocrx_word' id='word_1_121' title='bbox 1088 2119 1277 2186; x_wconf 81' lang='lat' dir='ltr'>sententiam</span> <span class='ocrx_word' id='word_1_122' title='bbox 1308 2137 1401 2184; x_wconf 87' lang='lat' dir='ltr'>suam</span> 
     </span>
     <span class='ocr_line' id='line_1_18' title="bbox 275 2221 1400 2306; baseline -0.003 -17"><span class='ocrx_word' id='word_1_123' title='bbox 275 2222 413 2306; x_wconf 86' lang='lat' dir='ltr'>quisquis</span> <span class='ocrx_word' id='word_1_124' title='bbox 435 2223 517 2305; x_wconf 87' lang='lat' dir='ltr'>qnod</span> <span class='ocrx_word' id='word_1_125' title='bbox 540 2221 639 2305; x_wconf 91' lang='lat' dir='ltr'>elegit</span> <span class='ocrx_word' id='word_1_126' title='bbox 657 2238 720 2286; x_wconf 91' lang='lat' dir='ltr'>uon</span> <span class='ocrx_word' id='word_1_127' title='bbox 742 2225 860 2287; x_wconf 90' lang='lat' dir='ltr'>tuetur.</span> <span class='ocrx_word' id='word_1_128' title='bbox 899 2222 1024 2288; x_wconf 89' lang='lat' dir='ltr'>domine</span> <span class='ocrx_word' id='word_1_129' title='bbox 1046 2225 1105 2303; x_wconf 92' lang='lat' dir='ltr'>mi,</span> <span class='ocrx_word' id='word_1_130' title='bbox 1129 2221 1327 2290; x_wconf 73' lang='lat' dir='ltr'>salutationis</span> <span class='ocrx_word' id='word_1_131' title='bbox 1348 2239 1400 2287; x_wconf 88' lang='lat' dir='ltr'>re-</span> 
     </span>
     <span class='ocr_line' id='line_1_19' title="bbox 274 2323 1399 2411; baseline -0.002 -21"><span class='ocrx_word' id='word_1_132' title='bbox 274 2326 449 2391; x_wconf 89' lang='lat' dir='ltr'>nerentiam</span> <span class='ocrx_word' id='word_1_133' title='bbox 471 2323 564 2409; x_wconf 92' lang='lat' dir='ltr'>pleno</span> <span class='ocrx_word' id='word_1_134' title='bbox 587 2325 761 2408; x_wconf 89' lang='lat' dir='ltr'>dependens</span> <span class='ocrx_word' id='word_1_135' title='bbox 789 2324 935 2409; x_wconf 83' lang='lat' dir='ltr'>obsequio</span> <span class='ocrx_word' id='word_1_136' title='bbox 959 2327 1051 2391; x_wconf 87' lang='lat' dir='ltr'>deum</span> <span class='ocrx_word' id='word_1_137' title='bbox 1072 2343 1163 2411; x_wconf 88' lang='lat' dir='ltr'>rogo,</span> <span class='ocrx_word' id='word_1_138' title='bbox 1192 2327 1229 2391; x_wconf 89' lang='lat' dir='ltr'>nt</span> <span class='ocrx_word' id='word_1_139' title='bbox 1250 2323 1399 2391; x_wconf 81' lang='lat' dir='ltr'>benefici-</span> 
     </span>
     <span class='ocr_line' id='line_1_20' title="bbox 275 2427 1398 2512; baseline 0 -19"><span class='ocrx_word' id='word_1_140' title='bbox 275 2446 363 2494; x_wconf 91' lang='lat' dir='ltr'>orum</span> <span class='ocrx_word' id='word_1_141' title='bbox 391 2427 472 2494; x_wconf 90' lang='lat' dir='ltr'>eirea</span> <span class='ocrx_word' id='word_1_142' title='bbox 504 2445 559 2493; x_wconf 87' lang='lat' dir='ltr'>uos</span> <span class='ocrx_word' id='word_1_143' title='bbox 586 2446 713 2496; x_wconf 87' lang='lat' dir='ltr'>suerum</span> <span class='ocrx_word' id='word_1_144' title='bbox 741 2431 935 2495; x_wconf 89' lang='lat' dir='ltr'>incrementa</span> <span class='ocrx_word' id='word_1_145' title='bbox 962 2429 1171 2512; x_wconf 87' lang='lat' dir='ltr'>multiplicet,</span> <span class='ocrx_word' id='word_1_146' title='bbox 1208 2427 1284 2512; x_wconf 90' lang='lat' dir='ltr'>quia</span> <span class='ocrx_word' id='word_1_147' title='bbox 1313 2428 1398 2494; x_wconf 89' lang='lat' dir='ltr'>solus</span> 
     </span>
     <span class='ocr_line' id='line_1_21' title="bbox 273 2530 1435 2616; baseline -0.002 -18"><span class='ocrx_word' id='word_1_148' title='bbox 273 2549 383 2598; x_wconf 86' lang='lat' dir='ltr'>consus</span> <span class='ocrx_word' id='word_1_149' title='bbox 405 2531 452 2598; x_wconf 91' lang='lat' dir='ltr'>est</span> <span class='ocrx_word' id='word_1_150' title='bbox 472 2549 616 2599; x_wconf 89' lang='lat' dir='ltr'>meorum</span> <span class='ocrx_word' id='word_1_151' title='bbox 638 2532 822 2616; x_wconf 89' lang='lat' dir='ltr'>plenissime</span> <span class='ocrx_word' id='word_1_152' title='bbox 845 2532 1075 2610; x_wconf 88' lang='lat' dir='ltr'>conmodorum,</span> <span class='ocrx_word' id='word_1_153' title='bbox 1098 2533 1152 2616; x_wconf 86' lang='lat' dir='ltr'>qui</span> <span class='ocrx_word' id='word_1_154' title='bbox 1177 2530 1435 2598; x_wconf 78' lang='lat' dir='ltr'>celsitudinemao</span> 
     </span>
     <span class='ocr_line' id='line_1_22' title="bbox 274 2633 1076 2720; baseline -0.001 -21"><span class='ocrx_word' id='word_1_155' title='bbox 274 2637 413 2700; x_wconf 89' lang='lat' dir='ltr'>nestram</span> <span class='ocrx_word' id='word_1_156' title='bbox 435 2635 474 2702; x_wconf 89' lang='lat' dir='ltr'>ad</span> <span class='ocrx_word' id='word_1_157' title='bbox 496 2633 624 2720; x_wconf 78' lang='lat' dir='ltr'>fastigia</span> <span class='ocrx_word' id='word_1_158' title='bbox 646 2654 725 2719; x_wconf 88' lang='lat' dir='ltr'>quas</span> <span class='ocrx_word' id='word_1_159' title='bbox 747 2636 899 2702; x_wconf 88' lang='lat' dir='ltr'>debentur</span> <span class='ocrx_word' id='word_1_160' title='bbox 922 2635 1076 2701; x_wconf 83' lang='lat' dir='ltr'>extulerit.</span> 
     </span>
    </p>
   </div>
   <div class='ocr_carea' id='block_1_5' title="bbox 635 2805 1041 3002">
    <p class='ocr_par' dir='ltr' id='par_1_5' title="bbox 635 2805 1041 3002">
     <span class='ocr_line' id='line_1_23' title="bbox 772 2805 906 2875; baseline 0 -2"><span class='ocrx_word' id='word_1_161' title='bbox 772 2805 906 2875; x_wconf 87' lang='lat' dir='ltr'><strong><em>XXVIL</em></strong></span> 
     </span>
     <span class='ocr_line' id='line_1_24' title="bbox 635 2943 1041 3002; baseline 0.01 -4"><span class='ocrx_word' id='word_1_162' title='bbox 635 2943 830 3002; x_wconf 78' lang='grc' dir='ltr'><strong>ΗΟΝΟΒΔἸῸ</strong></span> <span class='ocrx_word' id='word_1_163' title='bbox 849 2944 1041 3002; x_wconf 68' lang='lat' dir='ltr'>monive.</span> 
     </span>
    </p>
   </div>
   <div class='ocr_carea' id='block_1_6' title="bbox 276 3067 1435 3358">
    <p class='ocr_par' dir='ltr' id='par_1_6' title="bbox 276 3067 1435 3358">
     <span class='ocr_line' id='line_1_25' title="bbox 319 3067 1399 3152; baseline -0.001 -19"><span class='ocrx_word' id='word_1_164' title='bbox 319 3067 356 3133; x_wconf 93' lang='lat' dir='ltr'>ln</span> <span class='ocrx_word' id='word_1_165' title='bbox 380 3069 543 3134; x_wconf 91' lang='lat' dir='ltr'>uicinitate</span> <span class='ocrx_word' id='word_1_166' title='bbox 567 3086 622 3134; x_wconf 90' lang='lat' dir='ltr'>nos</span> <span class='ocrx_word' id='word_1_167' title='bbox 645 3068 756 3152; x_wconf 90' lang='lat' dir='ltr'>degere</span> <span class='ocrx_word' id='word_1_168' title='bbox 778 3069 926 3134; x_wconf 88' lang='lat' dir='ltr'>moderna</span> <span class='ocrx_word' id='word_1_169' title='bbox 947 3067 1113 3151; x_wconf 81' lang='lat' dir='ltr'>scriptione</span> <span class='ocrx_word' id='word_1_170' title='bbox 1135 3068 1300 3152; x_wconf 86' lang='lat' dir='ltr'>signastis,</span> <span class='ocrx_word' id='word_1_171' title='bbox 1328 3067 1399 3132; x_wconf 91' lang='lat' dir='ltr'>iun·</span> 
     </span>
     <span class='ocr_line' id='line_1_26' title="bbox 276 3169 1435 3254; baseline -0.003 -17"><span class='ocrx_word' id='word_1_172' title='bbox 276 3174 385 3254; x_wconf 82' lang='lat' dir='ltr'>gentes</span> <span class='ocrx_word' id='word_1_173' title='bbox 407 3171 446 3236; x_wconf 88' lang='lat' dir='ltr'>sd</span> <span class='ocrx_word' id='word_1_174' title='bbox 468 3170 632 3254; x_wconf 87' lang='lat' dir='ltr'>dispendia</span> <span class='ocrx_word' id='word_1_175' title='bbox 652 3171 839 3254; x_wconf 89' lang='lat' dir='ltr'>gaudiorum</span> <span class='ocrx_word' id='word_1_176' title='bbox 861 3172 980 3237; x_wconf 83' lang='lat' dir='ltr'>statum</span> <span class='ocrx_word' id='word_1_177' title='bbox 1002 3171 1123 3238; x_wconf 86' lang='lat' dir='ltr'>nestrae</span> <span class='ocrx_word' id='word_1_178' title='bbox 1146 3169 1334 3238; x_wconf 91' lang='lat' dir='ltr'>ualitudinis</span> <span class='ocrx_word' id='word_1_179' title='bbox 1349 3171 1435 3235; x_wconf 84' lang='lat' dir='ltr'>in-so</span> 
     </span>
     <span class='ocr_line' id='line_1_27' title="bbox 276 3273 1399 3358; baseline 0 -20"><span class='ocrx_word' id='word_1_180' title='bbox 276 3274 445 3340; x_wconf 85' lang='lat' dir='ltr'>minutum.</span> <span class='ocrx_word' id='word_1_181' title='bbox 469 3292 531 3338; x_wconf 89' lang='lat' dir='ltr'>non</span> <span class='ocrx_word' id='word_1_182' title='bbox 554 3290 645 3358; x_wconf 90' lang='lat' dir='ltr'>nego,</span> <span class='ocrx_word' id='word_1_183' title='bbox 668 3275 713 3339; x_wconf 93' lang='lat' dir='ltr'>sic</span> <span class='ocrx_word' id='word_1_184' title='bbox 730 3293 858 3354; x_wconf 88' lang='lat' dir='ltr'>mereor,</span> <span class='ocrx_word' id='word_1_185' title='bbox 880 3278 918 3340; x_wconf 90' lang='lat' dir='ltr'>ut</span> <span class='ocrx_word' id='word_1_186' title='bbox 931 3292 1051 3357; x_wconf 91' lang='lat' dir='ltr'>semper</span> <span class='ocrx_word' id='word_1_187' title='bbox 1066 3273 1144 3338; x_wconf 91' lang='lat' dir='ltr'>mihi</span> <span class='ocrx_word' id='word_1_188' title='bbox 1167 3294 1237 3341; x_wconf 91' lang='lat' dir='ltr'>cum</span> <span class='ocrx_word' id='word_1_189' title='bbox 1253 3273 1399 3340; x_wconf 88' lang='lat' dir='ltr'>dulcibus</span> 
     </span>
    </p>
   </div>
   <div class='ocr_carea' id='block_1_7' title="bbox 275 3473 1400 3806">
    <p class='ocr_par' dir='ltr' id='par_1_7' title="bbox 275 3473 1400 3806">
     <span class='ocr_line' id='line_1_28' title="bbox 328 3473 1400 3547; baseline 0.001 -15"><span class='ocrx_word' id='word_1_190' title='bbox 328 3475 422 3534; x_wconf 84' lang='lat' dir='ltr'>XXVI.</span> <span class='ocrx_word' id='word_1_191' title='bbox 458 3475 621 3530; x_wconf 71' lang='lat' dir='ltr'>imnodins</span> <span class='ocrx_word' id='word_1_192' title='bbox 639 3473 736 3530; x_wconf 68' lang='lat' dir='ltr'>om*</span> <span class='ocrx_word' id='word_1_193' title='bbox 829 3475 945 3531; x_wconf 74' lang='lat' dir='ltr'>daliter</span> <span class='ocrx_word' id='word_1_194' title='bbox 965 3478 992 3532; x_wconf 86' lang='grc' dir='ltr'><strong><em>Β</em></strong></span> <span class='ocrx_word' id='word_1_195' title='bbox 1085 3477 1257 3547; x_wconf 84' lang='lat' dir='ltr'>scriptionem</span> <span class='ocrx_word' id='word_1_196' title='bbox 1275 3478 1319 3545; x_wconf 77' lang='lat'>1¹¹,</span> <span class='ocrx_word' id='word_1_197' title='bbox 1338 3478 1400 3533; x_wconf 88' lang='lat' dir='ltr'>sub-</span> 
     </span>
     <span class='ocr_line' id='line_1_29' title="bbox 276 3561 1332 3634; baseline -0.002 -14"><span class='ocrx_word' id='word_1_198' title='bbox 276 3563 420 3634; x_wconf 84' lang='lat' dir='ltr'>scriptione</span> <span class='ocrx_word' id='word_1_199' title='bbox 433 3563 460 3618; x_wconf 93' lang='lat' dir='ltr'><strong><em>L</em></strong></span> <span class='ocrx_word' id='word_1_200' title='bbox 545 3561 846 3631; x_wconf 65' lang='lat' dir='ltr'>drepraesentatflim</span> <span class='ocrx_word' id='word_1_201' title='bbox 929 3564 1127 3634; x_wconf 83' lang='lat' dir='ltr'>depotatLPT</span> <span class='ocrx_word' id='word_1_202' title='bbox 1211 3579 1291 3633; x_wconf 89' lang='lat' dir='ltr'>quem</span> <span class='ocrx_word' id='word_1_203' title='bbox 1306 3564 1332 3618; x_wconf 78' lang='grc' dir='ltr'><em>Τ</em></span> 
     </span>
     <span class='ocr_line' id='line_1_30' title="bbox 276 3648 1330 3720; baseline -0.001 -15"><span class='ocrx_word' id='word_1_204' title='bbox 276 3651 292 3705; x_wconf 82' lang='lat' dir='ltr'>&#39;l</span> <span class='ocrx_word' id='word_1_205' title='bbox 318 3649 503 3720; x_wconf 87' lang='lat' dir='ltr'>dignationem</span> <span class='ocrx_word' id='word_1_206' title='bbox 530 3648 613 3704; x_wconf 75' lang='lat' dir='ltr'>Sirra.</span> <span class='ocrx_word' id='word_1_207' title='bbox 727 3649 819 3704; x_wconf 81' lang='lat' dir='ltr'>usstm</span> <span class='ocrx_word' id='word_1_208' title='bbox 844 3649 924 3715; x_wconf 80' lang='lat' dir='ltr'>Bl&#39;b,</span> <span class='ocrx_word' id='word_1_209' title='bbox 954 3653 1071 3704; x_wconf 69' lang='lat' dir='ltr'>osanam</span> <span class='ocrx_word' id='word_1_210' title='bbox 1096 3649 1183 3705; x_wconf 87' lang='lat' dir='ltr'>LPV</span> <span class='ocrx_word' id='word_1_211' title='bbox 1202 3655 1228 3704; x_wconf 82' lang='lat' dir='ltr'>et</span> <span class='ocrx_word' id='word_1_212' title='bbox 1245 3649 1330 3704; x_wconf 71' lang='lat' dir='ltr'>Sim</span> 
     </span>
     <span class='ocr_line' id='line_1_31' title="bbox 275 3733 1332 3806; baseline -0.002 -16"><span class='ocrx_word' id='word_1_213' title='bbox 275 3737 363 3805; x_wconf 86' lang='lat' dir='ltr'>potior</span> <span class='ocrx_word' id='word_1_214' title='bbox 380 3736 462 3804; x_wconf 85' lang='lat' dir='ltr'>BPt,</span> <span class='ocrx_word' id='word_1_215' title='bbox 487 3735 575 3806; x_wconf 87' lang='lat' dir='ltr'>patior</span> <span class='ocrx_word' id='word_1_216' title='bbox 594 3734 648 3790; x_wconf 83' lang='lat' dir='ltr'>TV</span> <span class='ocrx_word' id='word_1_217' title='bbox 663 3739 689 3788; x_wconf 81' lang='lat' dir='ltr'>et</span> <span class='ocrx_word' id='word_1_218' title='bbox 707 3733 797 3801; x_wconf 72' lang='lat' dir='ltr'>sim,</span> <span class='ocrx_word' id='word_1_219' title='bbox 823 3735 926 3803; x_wconf 65' lang='lat' dir='ltr'>spatior</span> <span class='ocrx_word' id='word_1_220' title='bbox 948 3735 975 3789; x_wconf 99' lang='lat' dir='ltr'><strong><em>L</em></strong></span> <span class='ocrx_word' id='word_1_221' title='bbox 1092 3736 1109 3788; x_wconf 88' lang='grc'><strong>8</strong></span> <span class='ocrx_word' id='word_1_222' title='bbox 1136 3735 1276 3790; x_wconf 80' lang='lat' dir='ltr'>mendicare</span> <span class='ocrx_word' id='word_1_223' title='bbox 1305 3735 1332 3788; x_wconf 85' lang='grc' dir='ltr'><em>Τ</em></span> 
     </span>
    </p>
   </div>
   <div class='ocr_carea' id='block_1_8' title="bbox 275 3827 1398 4113">
    <p class='ocr_par' dir='ltr' id='par_1_8' title="bbox 275 3827 1398 4113">
     <span class='ocr_line' id='line_1_32' title="bbox 277 3827 1398 3939; baseline 0.001 -30"><span class='ocrx_word' id='word_1_224' title='bbox 277 3858 307 3910; x_wconf 94' lang='lat'>11</span> <span class='ocrx_word' id='word_1_225' title='bbox 326 3857 439 3927; x_wconf 59' lang='lat' dir='ltr'>sunna</span> <span class='ocrx_word' id='word_1_226' title='bbox 457 3857 484 3911; x_wconf 82' lang='lat' dir='ltr'>n</span> <span class='ocrx_word' id='word_1_227' title='bbox 577 3855 672 3924; x_wconf 79' lang='lat' dir='ltr'>leoni</span> <span class='ocrx_word' id='word_1_228' title='bbox 694 3856 729 3911; x_wconf 75' lang='lat' dir='ltr'>m</span> <span class='ocrx_word' id='word_1_229' title='bbox 822 3856 856 3910; x_wconf 84' lang='lat'>14</span> <span class='ocrx_word' id='word_1_230' title='bbox 872 3827 986 3939; x_wconf 63' lang='lat' dir='ltr'>ermini</span> <span class='ocrx_word' id='word_1_231' title='bbox 1006 3855 1117 3909; x_wconf 70' lang='lat' dir='ltr'>neon.</span> <span class='ocrx_word' id='word_1_232' title='bbox 1135 3859 1203 3908; x_wconf 71' lang='lat' dir='ltr'>ssa</span> <span class='ocrx_word' id='word_1_233' title='bbox 1290 3855 1321 3909; x_wconf 80' lang='lat' dir='ltr'>rs</span> <span class='ocrx_word' id='word_1_234' title='bbox 1339 3871 1398 3910; x_wconf 65' lang='lat' dir='ltr'>eos</span> 
     </span>
     <span class='ocr_line' id='line_1_33' title="bbox 275 3955 1397 4027; baseline 0.001 -16"><span class='ocrx_word' id='word_1_235' title='bbox 275 3957 355 4027; x_wconf 90' lang='lat' dir='ltr'>pistis</span> <span class='ocrx_word' id='word_1_236' title='bbox 373 3959 403 4024; x_wconf 85' lang='lat' dir='ltr'>b,</span> <span class='ocrx_word' id='word_1_237' title='bbox 430 3959 572 4026; x_wconf 83' lang='lat' dir='ltr'>cepistisb</span> <span class='ocrx_word' id='word_1_238' title='bbox 681 3960 714 4013; x_wconf 88' lang='grc'>16</span> <span class='ocrx_word' id='word_1_239' title='bbox 731 3959 870 4027; x_wconf 62' lang='lat' dir='ltr'>moiuntur</span> <span class='ocrx_word' id='word_1_240' title='bbox 888 3958 915 4012; x_wconf 87' lang='grc' dir='ltr'><strong><em>Β</em></strong></span> <span class='ocrx_word' id='word_1_241' title='bbox 1020 3956 1052 4011; x_wconf 82' lang='grc'>17</span> <span class='ocrx_word' id='word_1_242' title='bbox 1069 3955 1226 4027; x_wconf 80' lang='lat' dir='ltr'>elegeritT</span> <span class='ocrx_word' id='word_1_243' title='bbox 1328 3957 1397 4012; x_wconf 85' lang='lat' dir='ltr'>mihi</span> 
     </span>
     <span class='ocr_line' id='line_1_34' title="bbox 275 4041 1270 4113; baseline -0.002 -14"><span class='ocrx_word' id='word_1_244' title='bbox 275 4043 364 4100; x_wconf 86' lang='lat' dir='ltr'>BLV</span> <span class='ocrx_word' id='word_1_245' title='bbox 461 4043 496 4098; x_wconf 76' lang='lat'>20</span> <span class='ocrx_word' id='word_1_246' title='bbox 512 4043 683 4112; x_wconf 83' lang='lat' dir='ltr'>plenissimus</span> <span class='ocrx_word' id='word_1_247' title='bbox 700 4044 765 4111; x_wconf 81' lang='lat' dir='ltr'>fort</span> <span class='ocrx_word' id='word_1_248' title='bbox 868 4041 1037 4099; x_wconf 76' lang='lat' dir='ltr'>osmodorum</span> <span class='ocrx_word' id='word_1_249' title='bbox 1054 4043 1096 4113; x_wconf 73' lang='lat' dir='ltr'>(ca</span> <span class='ocrx_word' id='word_1_250' title='bbox 1113 4059 1147 4098; x_wconf 80' lang='lat' dir='ltr'>ec</span> <span class='ocrx_word' id='word_1_251' title='bbox 1164 4046 1224 4108; x_wconf 91' lang='lat' dir='ltr'>oon)</span> <span class='ocrx_word' id='word_1_252' title='bbox 1242 4041 1270 4097; x_wconf 92' lang='lat' dir='ltr'><strong><em>L</em></strong></span> 
     </span>
    </p>
   </div>
   <div class='ocr_carea' id='block_1_9' title="bbox 274 4127 1330 4323">
    <p class='ocr_par' dir='ltr' id='par_1_9' title="bbox 274 4127 1330 4323">
     <span class='ocr_line' id='line_1_35' title="bbox 325 4127 1330 4232; baseline -0.004 -10"><span class='ocrx_word' id='word_1_253' title='bbox 325 4163 439 4222; x_wconf 80' lang='lat' dir='ltr'>xxm.</span> <span class='ocrx_word' id='word_1_254' title='bbox 474 4163 509 4220; x_wconf 75' lang='lat'>23</span> <span class='ocrx_word' id='word_1_255' title='bbox 526 4164 654 4220; x_wconf 88' lang='lat' dir='ltr'>ennodius</span> <span class='ocrx_word' id='word_1_256' title='bbox 672 4181 722 4221; x_wconf 83' lang='lat' dir='ltr'>om.</span> <span class='ocrx_word' id='word_1_257' title='bbox 744 4165 769 4221; x_wconf 76' lang='grc' dir='ltr'><em>Τ</em></span> <span class='ocrx_word' id='word_1_258' title='bbox 864 4163 900 4219; x_wconf 77' lang='grc'>24</span> <span class='ocrx_word' id='word_1_259' title='bbox 917 4127 1034 4219; x_wconf 55' lang='lat' dir='ltr'>uioiri⁸ate</span> <span class='ocrx_word' id='word_1_260' title='bbox 1052 4165 1079 4219; x_wconf 94' lang='lat' dir='ltr'><strong><em>L</em></strong></span> <span class='ocrx_word' id='word_1_261' title='bbox 1175 4164 1285 4232; x_wconf 69' lang='lat' dir='ltr'>degoere</span> <span class='ocrx_word' id='word_1_262' title='bbox 1302 4163 1330 4218; x_wconf 95' lang='lat' dir='ltr'><strong><em>L</em></strong></span> 
     </span>
     <span class='ocr_line' id='line_1_36' title="bbox 274 4249 1295 4323; baseline -0.004 -15"><span class='ocrx_word' id='word_1_263' title='bbox 274 4251 449 4323; x_wconf 69' lang='lat' dir='ltr'>magone</span> <span class='ocrx_word' id='word_1_264' title='bbox 552 4251 791 4320; x_wconf 83' lang='lat' dir='ltr'>utVs.l.oo.1,</span> <span class='ocrx_word' id='word_1_265' title='bbox 817 4251 1064 4317; x_wconf 59' lang='lat' dir='ltr'>offatm,</span> <span class='ocrx_word' id='word_1_266' title='bbox 1091 4250 1171 4317; x_wconf 89' lang='lat' dir='ltr'>stL,</span> <span class='ocrx_word' id='word_1_267' title='bbox 1197 4249 1295 4305; x_wconf 60' lang='grc' dir='ltr'>ΜΡ</span> 
     </span>
    </p>
   </div>
   <div class='ocr_carea' id='block_1_10' title="bbox 0 0 1501 4967">
    <p class='ocr_par' dir='ltr' id='par_1_10' title="bbox 0 0 1501 4967">
     <span class='ocr_line' id='line_1_37' title="bbox 0 0 1501 4967; baseline 0 0"><span class='ocrx_word' id='word_1_268' title='bbox 0 0 1501 4967; x_wconf 95' lang='lat' dir='ltr'> </span> 
     </span>
    </p>
   </div>
  </div>
 </body>
</html>
