2992 4967
339 353 401 420 180
696 350 808 420 Magni
825 350 953 405 Felicio
972 351 1101 406 Ennodi

320 540 479 623 equidem
494 542 712 607 uniuersarum
726 558 831 605 rerum
853 542 999 607 ouantia:
1023 541 1157 624 eontigit
1170 543 1288 619 tamen,
1311 542 1338 606 si
1360 544 1456 608 uerba

337 643 477 727 deneges,
499 643 570 726 plue
592 643 744 726 pudenda.
771 660 862 726 saepe
885 642 982 708 etiem
997 644 1102 728 euenit
1124 645 1160 708 ut
1182 643 1455 726 boquentersori-

337 746 443 812 bentes
465 746 568 811 minus
590 744 741 828 diligant:
771 762 942 827 numquam
969 747 1076 811 tamen
1100 748 1245 823 nonant,
1274 748 1311 811 ut
1336 746 1458 829 aliquid

336 850 459 916 caritati
481 850 619 915 reseruet
641 850 693 931 qui
715 848 748 913 in
770 850 921 932 perpetua
937 849 1153 915 taeituruitate
1167 849 1327 931 perdurat.
1353 851 1458 932 potest

336 953 421 1018 nasei
449 952 486 1017 de
516 951 736 1035 epistolaribus
764 951 990 1017 blandimentis
1023 951 1232 1035 ambiguitas:
1267 955 1354 1018 oerta
1367 953 1491 1018 ‘filesa

335 1061 383 1122 est
405 1056 444 1122 ab
468 1074 521 1132 eo,
544 1058 597 1138 qui
620 1059 723 1122 seruat
747 1055 919 1134 silentium,
943 1072 1005 1120 non
1028 1056 1137 1120 amari
1166 1056 1354 1131 huessant,
1379 1073 1457 1138 quae

334 1158 369 1224 in
390 1158 590 1224 festinatione
611 1158 777 1241 perlatoris
800 1158 883 1223 oeler
910 1158 1038 1239 scripsi,
1060 1159 1193 1240 geminis
1221 1159 1357 1224 stimulis
1379 1158 1458 1223 inei·

335 1263 422 1328 tatus
445 1263 498 1329 uel
518 1262 745 1345 properationis
777 1261 873 1327 baiuli
900 1263 951 1327 uel
973 1261 1095 1327 doloris.
1138 1280 1210 1345 ergo
1231 1261 1334 1328 nouo
1360 1262 1460 1327 animi

335 1366 398 1429 mei
419 1365 558 1431 remedia
579 1366 797 1431 ineunotauter
817 1362 972 1441 adhibete,
998 1366 1035 1428 ut
1056 1365 1199 1447 quamuis
1222 1364 1380 1431 defuerint
1401 1364 1457 1428 ba-

336 1470 443 1533 otauus
467 1467 627 1535 affeotioni
648 1466 765 1549 pabula
786 1484 851 1542 sua,
881 1465 914 1529 in
939 1467 1074 1531 statione
1097 1484 1162 1532 esse
1178 1469 1283 1533 brnen
1305 1467 1491 1551 promissae

335 1571 448 1637 caritas
470 1571 654 1637 innoteseat.
698 1570 822 1637 domiue
848 1571 911 1647 mi,
941 1569 1076 1635 salutem
1103 1570 1321 1651 plenissimam
1350 1569 1457 1634 diosus

335 1692 456 1755 quaeso,
480 1677 515 1738 ut
538 1672 743 1755 expectationi
762 1691 851 1738 meae
872 1672 954 1753 quod
970 1671 1085 1737 suffieit
1104 1672 1250 1755 loquendi
1264 1672 1456 1755 peritissimo

336 1793 397 1841 uon
420 1777 559 1859 negetur.

859 1961 931 2028 XII.

589 2114 772 2172 ENNODIVS
798 2115 1009 2173 HORMISDAE
1034 2113 1200 2173 bucello.
1469 2126 1491 2169 ιε

378 2237 492 2303 Nullus
520 2242 694 2305 remaneret
726 2240 879 2322 imperitis
909 2240 994 2304 loeus
1022 2240 1145 2318 ueniae,
1176 2240 1203 2304 si
1231 2238 1321 2321 plura
1350 2239 1460 2321 loque·

335 2343 457 2406 rentur:
481 2342 547 2408 sola
568 2339 708 2407 breuitas
732 2344 930 2407 commendat
952 2342 1100 2408 indoctos.
1135 2360 1229 2424 supra
1251 2359 1387 2407 errorem
1410 2344 1460 2406 est

335 2444 454 2525 prolixa
475 2444 614 2510 narratio
629 2445 825 2510 rusticantis:
847 2447 971 2527 quando
993 2444 1032 2510 ab
1047 2446 1156 2527 ignaro
1180 2446 1338 2510 extortum
1359 2443 1459 2510 fuerit

335 2546 415 2628 quod
438 2546 492 2611 diu
513 2548 652 2631 legatur,
682 2547 743 2611 sibi
765 2564 925 2611 ranoorem
954 2564 1045 2613 suum
1074 2547 1167 2613 debet
1195 2551 1324 2613 exaotor.
1371 2548 1461 2629 quis·

335 2667 468 2733 quamne
496 2651 658 2716 bominum
689 2650 723 2715 iu
751 2652 880 2733 longum
915 2652 986 2715 uult
1013 2649 1204 2715 fastidienda
1231 2650 1397 2733 proaedere
1429 2653 1494 2715 etro

335 2753 421 2819 nullo
435 2772 542 2837 sapore
559 2754 684 2819 eondita
698 2753 809 2817 breues
824 2752 972 2817 terminos
989 2770 1049 2817 nou
1067 2754 1202 2819 habere?
1224 2751 1367 2818 nomme
1388 2753 1459 2837 hoo,

334 2856 441 2935 frama
465 2858 497 2921 et
519 2856 651 2922 nimium
677 2854 790 2921 artifici
812 2854 989 2921 subtilitate
1010 2854 1177 2939 flagitasti:
1200 2854 1254 2920 sed
1276 2869 1332 2919 uos
1347 2860 1460 2921 eontra

334 2958 499 3023 fabricatos
521 2959 624 3023 munit
647 2957 833 3041 simplicitas
855 2956 951 3023 nullis
975 2958 1114 3023 eolorata
1127 2956 1314 3042 praestigiis.
1339 2957 1460 3022 etenim

336 3061 478 3141 quamuis
500 3078 550 3124 me
573 3058 737 3126 delenifica
759 3060 907 3144 epistolae
929 3061 1000 3125 tuae
1020 3060 1157 3125 oratioue
1179 3060 1369 3144 produxeris,
1395 3062 1460 3125 mei

335 3164 547 3228 immemorem
570 3180 631 3227 non
654 3162 766 3227 fausti.
805 3163 867 3227 soio
890 3167 992 3228 artare
1013 3163 1178 3248 paginam,
1206 3163 1297 3257 euius
1316 3163 1493 3246 pretiumn

335 3262 548 3347 promulgator
568 3265 728 3350 intellego.
773 3265 896 3331 uomens
921 3285 971 3331 me
993 3268 1098 3332 tamen
1126 3266 1204 3331 meis
1227 3264 1370 3350 partibus
1395 3284 1460 3330 nou

335 3366 454 3446 deesse,
489 3368 630 3451 quamuis
661 3371 751 3433 uooet
783 3367 815 3432 in
848 3369 987 3434 medium
1020 3370 1052 3433 et
1084 3370 1220 3435 urbanus
1253 3372 1284 3434 et
1312 3368 1460 3433 elericos.

334 3468 387 3534 sed
403 3469 477 3552 quid
492 3470 625 3553 produco
640 3471 798 3555 paginam,
814 3474 900 3538 ouius
915 3473 1054 3553 superius
1069 3472 1249 3556 angustiam
1260 3470 1459 3555 pollicebar?

334 3572 410 3639 baee
428 3572 506 3638 mibi
520 3591 591 3639 oum
609 3578 736 3640 amante
751 3576 954 3641 oonoertatio:
977 3574 1050 3641 talis
1068 3574 1188 3640 boetus
1203 3575 1251 3640 est
1265 3574 1460 3640 litterarum.

385 3808 594 3879 2deuegens2L
691 3811 861 3879 enunqmm
881 3809 936 3864 TV
1026 3810 1107 3865 tuos
1124 3826 1176 3865 neu
1192 3809 1259 3876 fort.
1355 3807 1463 3863 iinci-

334 3931 417 4001 osaus]
436 3931 557 4000 matur
577 3932 602 3984 n
692 3931 860 3987 enarrarunt
880 3932 902 3999 (ι
919 3946 953 3987 aa
970 3946 984 3985 ο
1002 3935 1083 4002 err.)
1101 3932 1128 3987 a
1231 3933 1262 3986 11
1281 3895 1308 3983 ri
1328 3930 1359 3996 n,
1388 3930 1463 3985 mur

333 4032 420 4101 LVp·
491 4034 523 4089 12
540 4034 729 4105 exspectationi
746 4035 804 4091 LV

384 4153 448 4211 XII.
486 4156 517 4211 15
534 4156 713 4211 bormisdeT
799 4158 833 4213 18
849 4157 1003 4229 ignarnossl'r
1088 4156 1253 4213 exortumT
1340 4154 1375 4209 24
1393 4170 1459 4224 pro·

332 4276 430 4331 onnes
448 4275 475 4330 n
571 4275 605 4330 ao
622 4276 692 4331 msto
709 4277 743 4345 a,
769 4243 849 4333 ries
865 4276 933 4333 misr
954 4278 1028 4333 ra
1041 4279 1081 4343 a.
1096 4277 1134 4331 m
1154 4276 1182 4332 v
1266 4275 1425 4345 mesu,
