2992 4967
465 353 660 408 (terminum
676 353 768 410 liber
785 355 808 420 1,
826 356 851 410 6.
1154 359 1216 426 621

93 544 291 630 professionis
307 549 339 610 et
353 543 473 630 ingenii
488 545 642 611 exercitiis
657 544 833 630 adgregato
848 547 994 630 quicquid
1007 546 1112 614 contus
1127 564 1218 615 accu-

93 647 157 714 sati
179 647 327 714 meritum
347 647 531 714 maledictor
551 647 727 732 ingesserit.
757 665 831 714 usus
845 649 892 714 est
906 648 965 716 iste
988 648 1067 716 bene
1088 649 1218 718 nitentis

92 751 301 818 conscientiae
333 750 487 833 opinionis
522 751 610 817 lucro
643 751 773 835 iungere
805 769 926 818 morsus
960 752 1154 820 aemulorum
1186 753 1219 819 et

91 853 195 920 omae
226 852 398 937 conpendia
430 854 468 920 de
500 853 618 920 inuidis
650 853 810 937 aucupari.
853 854 934 920 male
967 856 1108 938 pertinax
1142 859 1217 924 dens

69 957 213 1034 sliuoris,
235 955 406 1038 infringens
427 956 460 1021 et
481 958 536 1040 qui
557 957 765 1023 oblocutionis
787 955 931 1024 fomitem
952 960 990 1024 de
1012 959 1080 1024 loco
1100 958 1218 1045 gloriae

91 1059 217 1144 quaeris
244 1061 432 1126 obmutesce.
470 1057 623 1124 dicundo
650 1057 770 1125 fructus
793 1060 919 1126 eueniat
939 1062 1072 1142 meritis,
1105 1063 1134 1127 si
1154 1063 1217 1128 iao-

91 1163 214 1229 tnntiae
235 1164 365 1249 deputas
388 1165 468 1247 quod
491 1161 601 1228 sudore
623 1167 729 1228 nostro
751 1163 920 1247 placemus.
955 1164 1041 1230 labor
1062 1165 1111 1230 est
1125 1164 1219 1230 disci·

90 1265 198 1350 plinus
219 1267 337 1332 amicus
360 1269 393 1333 et
412 1265 559 1350 religioni
581 1267 717 1350 quadam
740 1268 925 1350 cognatione
947 1267 1092 1335 sociatus.
1129 1267 1218 1333 uelut

91 1370 155 1435 uda
185 1370 402 1456 praesegmina
434 1369 607 1455 peregrinis
640 1371 790 1437 maritate
822 1369 985 1437 fomitibus
1018 1369 1217 1436 nobilitatem

55 1471 253 1539 robustuum
273 1476 370 1540 ramis
385 1474 540 1553 tribuunt,
563 1491 656 1556 quam
674 1472 883 1556 parturientia
898 1473 952 1540 diu
974 1471 1110 1539 nesciere
1125 1472 1218 1555 plan·

90 1575 184 1652 teria,
218 1575 264 1640 ita
290 1578 416 1642 dotatus
450 1575 633 1642 liberalibus
666 1577 823 1643 institutis
856 1578 938 1643 bona
971 1579 1109 1641 mentem
1143 1594 1218 1642 ocra

89 1677 255 1761 grauidam
270 1679 309 1744 ad
324 1697 412 1762 spem
434 1679 584 1762 germinis
607 1680 744 1745 melioris
767 1679 902 1745 adtollit.
928 1677 1089 1766 pelluntur
1112 1680 1216 1744 auimo

90 1781 291 1847 consiliorum
323 1783 425 1850 toxica
458 1783 603 1849 humanis
635 1783 820 1868 praeparate
855 1783 1000 1848 necibus:
1033 1799 1123 1848 umor
1151 1781 1217 1847 suci

89 1884 197 1950 letalis
231 1885 383 1966 aboletur,
420 1887 563 1969 quotiens
597 1885 776 1952 huiusmodi
807 1885 1063 1968 occupationibus
1092 1884 1218 1968 ingenia

54 2007 124 2053 rese
157 1986 357 2054 submittunt.
402 1988 476 2054 binc
508 1989 547 2054 ad
584 1989 716 2055 clariora
753 1988 1001 2074 digredientibus
1038 1987 1216 2054 diuinorum

88 2092 259 2174 patescunt
290 2094 410 2157 secreta
442 2091 609 2171 librorum,
644 2108 776 2176 quorum
798 2092 925 2157 ianuam
947 2109 1054 2157 sensus
1075 2089 1215 2176 pulsanti

89 2195 168 2260 dum
200 2198 327 2270 reserat,
360 2195 485 2279 populis
507 2215 541 2260 se
563 2198 638 2262 duce
666 2197 810 2279 peruium
840 2195 916 2262 facit
946 2197 1005 2262 iter
1027 2195 1215 2280 ignoratum,

88 2299 169 2364 dum
199 2295 377 2363 fastidiosos
409 2297 524 2380 eloquii
557 2298 735 2380 splendore,
772 2317 883 2380 parum
921 2299 1027 2365 doctos
1062 2296 1216 2363 fabricata

88 2398 249 2466 latinitate
272 2404 312 2482 et,
336 2401 372 2465 ut
394 2401 492 2474 aiunt,
514 2399 628 2466 artifici
644 2399 823 2466 rusticitate
846 2401 1000 2483 perducit.
1025 2401 1094 2483 quis
1119 2399 1216 2466 talem

52 2503 203 2572 sosalutis
218 2521 279 2568 uon
294 2503 407 2589 diligat
421 2503 568 2582 indicem,
584 2522 645 2569 uon
661 2505 820 2587 sequatur,
837 2505 890 2588 qui
906 2503 1088 2570 necessariis
1104 2502 1216 2580 dulcia,

88 2603 237 2671 dulcibus
259 2624 369 2672 seuera
389 2606 548 2672 miscendo
570 2624 675 2671 amare
700 2608 784 2670 uitae
807 2605 952 2690 dogmata
973 2609 1005 2672 et
1027 2606 1109 2671 uelle
1131 2606 1218 2690 cogit

88 2707 230 2777 inuitos?
252 2710 306 2776 ssd
327 2709 421 2776 istinc
445 2708 531 2775 alias.
555 2708 656 2791 ccepti
673 2709 877 2792 coupleantur
895 2708 1025 2774 honesta
1046 2707 1120 2775 uota
1142 2727 1215 2792 pro·

87 2811 196 2895 positi.
230 2812 312 2895 apud
331 2815 464 2879 scientes
479 2831 584 2878 rerum
600 2811 774 2895 loquimur:
796 2830 845 2877 res
860 2811 988 2877 uirtutis
1004 2815 1051 2877 est
1066 2812 1215 2896 gaudium
1268 2842 1270 2847 ·

88 2915 258 2999 continere,
281 2916 433 2982 secundae
457 2915 638 3000 diligentiae
652 2934 708 2998 per
723 2913 918 2980 elaboratum
941 2914 1102 2980 tramitem
1124 2915 1215 2980 lucu·

52 3019 194 3085 selectae
226 3017 369 3084 dictionis
402 3021 577 3099 ostendere,
613 3019 703 3085 bodie
735 3017 887 3097 menime,
922 3036 993 3083 cum
1024 3020 1085 3083 mei
1114 3018 1215 3101 portic

87 3122 187 3187 limen
208 3121 347 3206 ingressa
367 3121 532 3188 facundiae
555 3123 609 3187 dat
637 3121 760 3206 parenti
782 3120 973 3187 exultatione
996 3119 1213 3204 eloquentiam,

87 3242 183 3308 quam
216 3226 312 3308 negat
342 3225 518 3311 ingenium,
552 3244 625 3290 cum
659 3225 756 3291 donat
785 3241 876 3290 causa
904 3225 984 3306 quod
1014 3226 1126 3290 natura
1152 3241 1214 3289 non

87 3325 261 3413 praestitit.
290 3334 393 3393 macte
416 3326 589 3412 insignium
609 3328 794 3393 adulescens
817 3326 982 3410 unrocum,
1006 3327 1059 3408 qui
1081 3328 1112 3391 in
1137 3343 1214 3393 ceno

141 3481 158 3535 2
180 3481 234 3536 iste
256 3484 298 3535 est
320 3481 385 3536 P¹b
493 3482 611 3535 nitentes
634 3480 662 3534 Β
770 3479 914 3534 sinordis
937 3479 1018 3534 Siras.
1129 3478 1144 3531 7
1167 3495 1213 3533 su·

87 3568 153 3624 dore
170 3568 205 3633 Β,
228 3567 322 3623 sudori
337 3569 398 3624 rell.
500 3566 603 3623 tunde
623 3567 654 3634 Τ,
677 3565 752 3621 unda
770 3566 817 3621 Pb
912 3569 940 3621 et
953 3567 1082 3621 maritata
1099 3565 1147 3620 Pb

89 3671 125 3725 10
142 3670 265 3726 tribuant
281 3671 312 3726 F.
327 3677 353 3726 ct
365 3671 450 3729 stra
552 3670 729 3741 parturientia
746 3671 785 3726 L¹
883 3641 983 3725 nescire
1002 3670 1034 3736 T,
1060 3667 1213 3723 uescicretis

88 3757 117 3812 L
215 3757 246 3812 11
265 3757 363 3813 bonam
380 3757 454 3813 EPb
550 3761 645 3812 curant
663 3757 695 3812 E
796 3757 828 3811 12
845 3757 939 3812 atollit
957 3756 982 3810 Τ
1076 3753 1214 3824 pelluntur

87 3847 152 3913 (unt
174 3859 209 3899 ec
229 3845 311 3910 corr.)
336 3844 364 3898 L
467 3844 500 3899 13
523 3843 619 3898 bumor
641 3842 754 3898 ELTV
855 3841 887 3897 14
909 3842 1016 3898 laetalis
1039 3840 1079 3905 Β,
1108 3837 1215 3894 loetalis

88 3929 149 3986 LV
248 3931 282 3985 16
303 3946 395 3985 sensus
419 3930 540 3998 pulsanti
557 3931 668 3999 waigri,
695 3945 773 3983 sensu
791 3929 916 3998 pulsante
932 3929 999 3984 tiore·
1101 3927 1134 3982 19
1156 3941 1214 3995 per·

87 4018 170 4072 ducet
185 4016 214 4071 Β
314 4017 351 4072 ab
366 4016 480 4072 radicem
497 4017 554 4072 ΕΤ
649 4016 683 4070 21
702 4032 796 4070 reuera
813 4016 841 4071 Β
943 4013 977 4070 22
995 4014 1063 4068 aliae
1080 4014 1140 4083 (att.
1152 4029 1169 4068 s
1180 4029 1214 4068 cc

88 4120 104 4158 o
122 4107 203 4169 corr.)
221 4103 251 4158 Β
334 4103 406 4172 cepti
425 4101 505 4168 Pro,
531 4103 577 4157 sed
595 4104 672 4171 cepto
689 4100 721 4156 Β
804 4105 897 4157 onesta
914 4101 949 4168 Β,
976 4099 1081 4156 bonuti
1098 4100 1146 4156 Pb

87 4189 191 4261 ppositi
211 4191 236 4246 Τ
323 4189 359 4244 24
375 4186 505 4244 mundes
521 4189 587 4255 fort.
672 4188 807 4244 luculente
825 4188 853 4243 Β
942 4186 977 4242 25
994 4187 1056 4255 mei]
1075 4185 1100 4242 ci
1118 4185 1145 4242 L

88 4292 123 4348 26
135 4257 266 4348 facundae
277 4292 304 4348 Β
394 4291 428 4346 27
444 4275 542 4347 duom
559 4291 591 4356 Τ,
618 4290 750 4346 condonat
767 4292 815 4347 Pb
901 4291 936 4347 28
953 4290 1098 4347 adoliscens
1116 4289 1144 4344 Β
