2992 4967
584 366 702 423 ussus
723 369 786 425 vn.
1187 370 1252 437 443

119 561 188 626 sine
217 558 303 625 uocis
331 576 426 625 usura
454 557 636 625 tristitiem:
671 559 724 642 qui
756 558 842 626 enim
872 558 988 627 oblatis
1016 558 1164 627 remediis
1190 578 1251 627 non

118 661 305 743 oboediunt,
335 661 449 728 merito
471 661 550 727 nihil
577 661 798 727 consolationis
825 664 963 746 tempus
985 679 1044 746 quo
1067 666 1252 746 premuntur

118 764 308 832 habuerunt.

648 1056 719 1125 VII.

92 1290 105 1329 s
143 1260 287 1329 DICTIO
313 1262 362 1329 :N
391 1261 679 1329 DEDIOATIONE
709 1262 932 1329 AVDITORII
960 1260 1138 1343 QVANDO
1166 1260 1225 1327 ΔΙ)

330 1382 477 1451 FORVM
498 1383 767 1451 TRANSLATIO
789 1382 929 1451 nacha
950 1382 1036 1451 EST.

162 1571 207 1635 Vt
229 1590 357 1655 campus
379 1571 533 1651 militem,
564 1590 649 1638 mare
672 1572 813 1650 nouitas,
843 1572 911 1639 fora
932 1572 1140 1649 causidicum,
1163 1570 1250 1637 solli·

117 1674 219 1741 citant
240 1675 363 1743 incerta
385 1679 558 1757 raptorem:
587 1677 632 1741 ita
655 1677 780 1759 linguas
808 1676 964 1743 auditoria
988 1675 1138 1741 exercent
1175 1692 1251 1741 nam

117 1796 210 1861 quae,
234 1779 370 1855 malum,
397 1780 478 1845 ratio
507 1778 651 1845 suadebit
682 1780 843 1845 silentium
866 1780 899 1845 in
922 1780 1006 1858 loco,
1036 1777 1070 1843 in
1094 1795 1153 1861 quo
1177 1778 1251 1843 eunt

77 1882 259 1963 :opraemia
274 1882 649 1949 constitntn'uerboruml
671 1882 725 1949 ubi
742 1883 893 1950 orationis
909 1883 1025 1965 palma,
1041 1885 1067 1949 si
1082 1882 1133 1947 hic
1148 1882 1252 1965 gratia

117 1984 358 2051 taciturnitati?
384 1984 466 2052 bene
487 1984 652 2051 solunntur
674 1986 797 2052 sudoris
820 1986 936 2069 pretia,
960 1986 1014 2052 ubi
1035 1989 1109 2050 sunt
1131 1984 1251 2067 ampla

115 2088 282 2153 uictoriae:
305 2086 384 2154 bene
408 2088 563 2171 effugatur
585 2088 721 2154 seruitus
743 2090 825 2155 inter
848 2089 931 2154 atria
952 2089 1120 2153 libertatis.
1144 2087 1251 2155 uincta

115 2188 169 2255 hic
197 2208 251 2256 ora
279 2193 384 2258 toneat
417 2210 506 2257 mens
540 2194 682 2275 captiua:
716 2209 779 2259 non
809 2192 953 2276 agnoscit
984 2192 1089 2259 forum
1117 2192 1249 2257 Rommi

114 2294 240 2377 populi,
271 2314 333 2361 non
362 2294 503 2360 liberalis
527 2294 712 2361 eruditionis
740 2295 941 2380 gymnasium
963 2298 1016 2380 qui
1037 2294 1138 2360 adhuc
1160 2295 1250 2378 quasi

76 2398 149 2466 :sin
172 2396 345 2465 secessibus
367 2398 556 2465 conticescit.
580 2398 645 2464 sint
667 2401 759 2463 muta
780 2399 861 2463 forte
882 2398 1069 2465 dinemoria:
1092 2397 1144 2464 hic
1166 2397 1248 2464 nihil

114 2500 166 2565 est
195 2504 261 2566 tam
290 2502 446 2567 familiare
480 2519 574 2584 quam
602 2519 717 2584 pompa
751 2502 883 2569 dicendi.
927 2501 1136 2568 Fescenninos
1165 2501 1248 2567 sales

114 2601 298 2685 hymenaeis
314 2604 388 2669 dare
403 2604 532 2689 genium
549 2607 715 2669 consuetae
730 2604 932 2687 professionis
944 2604 1074 2686 plausus
1089 2605 1247 2671 hortatur:

114 2707 278 2791 eriguntur
301 2708 390 2773 lituis
423 2708 603 2775 bellatores:
632 2708 752 2773 uirtute
783 2707 903 2773 debiles
924 2708 1032 2791 grauis
1061 2706 1249 2773 bucinarum

115 2811 228 2875 cantus
251 2810 391 2877 adtollit:
415 2812 489 2877 data
511 2812 585 2877 sunt
607 2811 762 2878 uniuersis
786 2809 888 2877 amioa
909 2810 1116 2877 incitamenta
1136 2827 1248 2893 propo·

76 2914 196 2983 assitis.
220 2916 294 2997 quid
317 2932 374 2999 ego
397 2914 525 2994 faciam,
549 2916 712 2981 doctorum
735 2915 864 2999 optime,
890 2916 923 2979 te
944 2914 1114 2997 loquente?
1147 2913 1176 2977 si
1197 2913 1246 2977 in·

114 3014 268 3083 fabricata
282 3017 381 3083 uerba
395 3017 479 3083 intra
493 3021 705 3085 uerecundum
722 3018 882 3103 penetrale
897 3019 1085 3095 contineam,
1109 3016 1248 3081 instituti

113 3138 167 3187 ms
192 3137 257 3185 esse
273 3120 388 3199 similis
403 3140 465 3187 non
481 3138 641 3205 agnoscas.
666 3122 879 3189 amicitiarum
897 3122 1081 3207 religionem
1096 3122 1129 3185 in
1145 3119 1249 3205 gratia

169 3411 299 3496 masura
315 3411 343 3467 Β
446 3426 500 3466 non
517 3411 545 3466 Β
562 3426 583 3465 e.
602 3411 620 3467 u
724 3410 888 3465 cosmum
905 3411 962 3468 ΒΒ
1062 3384 1101 3481 ii
1115 3412 1143 3466 Β

167 3529 232 3587 VII.
261 3530 361 3602 Dictis]
386 3531 457 3587 Item
482 3536 542 3598 (om.
565 3533 601 3598 Τ)
626 3530 710 3585 dictio
732 3530 828 3599 (dictio
845 3547 895 3586 our.
917 3531 978 3601 TV)
995 3534 1071 3586 euius
1094 3546 1174 3601 supra
1191 3532 1248 3587 BL

115 3615 169 3672 TV
195 3617 351 3687 (praemolli
378 3618 469 3677 Gom.
495 3618 518 3673 I
539 3622 571 3683 6)
697 3618 769 3672 lacta
795 3618 846 3688 est]
875 3616 1040 3673 Scholastica
1066 3618 1153 3686 prima
1180 3618 1246 3674 add.

114 3702 198 3758 Sam.
303 3703 318 3756 'l
341 3703 510 3759 causedicum
539 3704 569 3769 V,
600 3702 786 3757 oausaedionm
810 3702 837 3757 L
940 3704 957 3757 8
980 3702 1115 3757 auditoria
1138 3702 1247 3773 linguas

113 3788 198 3845 ΜΨ
282 3792 414 3844 excusent
433 3790 461 3845 Β
547 3806 609 3844 uam
622 3806 688 3859 quae
707 3788 835 3845 &bottas
848 3788 978 3855 etSs'rm„
1006 3804 1094 3857 namq:
1112 3790 1178 3843 labri

115 3890 330 3961 10proemic13
430 3878 560 3963 {ugias
661 3892 691 3948 11
717 3891 918 3947 uoluntatis
942 3891 1025 3948 sum
1127 3891 1246 3947 aurora

114 4010 140 4065 Β
243 4011 276 4065 12
298 3982 377 4065 uria
400 4011 428 4066 Β
533 4012 566 4067 13
586 4026 634 4067 ora
652 4014 680 4079 (ο
696 4013 730 4066 or
746 4015 813 4079 ras.)
832 4013 860 4068 Β
962 4014 997 4067 14
1019 4013 1186 4082 gementum
1210 4012 1245 4082 Β,

113 4131 305 4199 gianasiuml'
388 4104 641 4200 qudiu'ecessibusla
727 4134 761 4189 15
770 4134 961 4188 conticiscitB
1048 4134 1080 4189 16
1090 4132 1246 4188 iisoinninos

112 4214 148 4283 Β,
167 4216 330 4272 fascinninos
341 4219 427 4273 ΜΨ
516 4220 547 4273 17
561 4220 673 4275 emiueis
684 4220 840 4288 BLFTV,
858 4220 974 4291 ymineis
985 4220 1035 4285 1³²,
1056 4236 1104 4275 essa
1118 4218 1246 4275 mucce

114 4308 139 4358 et
162 4301 245 4357 Sim.
351 4305 385 4360 18
407 4304 534 4360 bellatore
558 4305 586 4360 Β
689 4307 804 4394 uirtutis
827 4307 854 4361 Β
958 4306 1127 4361 buccinarum
1154 4306 1180 4360 T
