2992 4967
435 330 668 400 Epistularum
688 332 776 387 liber
793 333 841 389 VI.
1137 336 1198 403 163

69 516 238 583 adnuntia.
261 518 342 602 qnod
365 524 515 603 superest,
540 524 611 587 uale
635 526 666 587 et
680 524 825 589 omnibns
845 524 970 606 superni
986 523 1101 591 fauoris
1115 526 1199 592 intus

69 620 203 688 auxiliis
228 622 368 689 familiae
389 628 462 689 tuae
484 623 522 690 de
543 624 677 707 peritiae
699 644 801 691 messe
821 629 980 710 responde.

569 812 705 880 XXIIII.

405 946 588 1003 nnnomvs
604 947 872 1004 Ascanimia

44 1072 58 1113 s
118 1050 272 1133 Quamuis
301 1053 349 1117 ine
385 1052 558 1119 adiectionis
590 1054 867 1138 consanguinitatis
895 1054 966 1140 lege
998 1054 1202 1121 oonstnotnm

68 1156 240 1239 regionum
256 1154 438 1237 prolixitate
451 1173 513 1222 non
524 1158 631 1239 pereat
646 1176 702 1221 neo
716 1158 827 1223 camna
841 1156 973 1241 generis,
988 1175 1067 1240 qnae
1082 1156 1201 1224 anImae

67 1258 182 1337 neotit,
208 1260 364 1323 terrarum
380 1260 577 1343 separatione
593 1260 764 1338 diuidatur,
787 1263 927 1326 attamen
946 1258 1099 1341 pabulum
1121 1263 1202 1328 eari-

68 1362 152 1427 tatis
175 1363 224 1427 eet
239 1365 294 1429 aot
309 1361 414 1427 uidere
432 1367 485 1428 aut
502 1362 603 1429 officio
619 1365 770 1431 sermonis
792 1363 948 1446 appellare
963 1380 1056 1445 quem
1071 1364 1199 1447 didgas:

68 1466 271 1531 nescirentur
293 1468 415 1531 secreta
442 1467 596 1532 mentium
618 1462 680 1532 nisi
702 1467 874 1551 proditione
899 1466 1088 1551 linguarum.
1126 1466 1202 1533 haee

35 1568 107 1633 roIn
130 1586 190 1633 neu
213 1568 341 1633 uocauit
364 1568 544 1651 antiquitas,
566 1570 603 1633 ut
623 1569 690 1649 illa,
715 1587 793 1652 qnae
808 1569 983 1652 peotombus
998 1570 1104 1635 olausa
1118 1571 1200 1651 sunt,

69 1691 136 1737 non
164 1672 308 1737 laterent.
354 1688 409 1755 ogo
432 1670 566 1751 Galliae,
597 1692 676 1755 quae
706 1675 810 1738 totum
838 1691 887 1736 me
909 1673 1036 1755 propter
1064 1690 1119 1739 uos
1141 1674 1201 1739 sibi

70 1774 249 1855 uindioant,
273 1777 299 1840 si
322 1775 422 1840 oeulis
445 1794 505 1840 non
527 1776 668 1859 inspicio,
691 1776 852 1841 affectione
867 1793 929 1841 non
946 1779 1061 1842 desero.
1084 1778 1201 1859 gratias

70 1884 183 1945 tamen
205 1880 415 1962 praesentium
445 1878 608 1961 perlatori,
642 1882 694 1961 quui
724 1878 920 1945 necessitatis
950 1897 1023 1943 snae
1045 1880 1201 1945 ooeasione

71 1981 239 2047 desideriis
266 1982 345 2047 meis
369 1980 541 2065 praestitit,
574 1983 611 2048 ut
634 1984 715 2047 inter
738 1985 842 2047 assim
863 1982 1054 2060 animorum,
1088 1982 1201 2065 quibus

37 2104 62 2145 rs
70 2084 201 2151 baiulus
228 2086 343 2167 deerat,
367 2084 509 2167 optatum
531 2084 694 2169 praeberet
709 2084 857 2150 officium.
881 2085 1022 2152 salutans
1044 2102 1115 2169 ergo
1138 2104 1199 2151 eer-

71 2187 155 2253 nitio
179 2187 286 2253 debito
307 2206 425 2274 precor,
448 2192 484 2254 ut
505 2188 638 2273 portitor
662 2185 807 2254 benefitii
829 2186 877 2252 sui
892 2188 994 2251 uiosm
1015 2187 1147 2272 recipiat
1169 2191 1202 2255 et

72 2291 129 2374 qni
159 2292 194 2355 in
216 2290 328 2375 gaudio
358 2309 425 2356 meo
456 2292 626 2377 opitulatus
655 2292 795 2356 eatenis
823 2290 907 2355 uotis
937 2289 1119 2356 restitutum
1146 2309 1201 2374 per

71 2414 124 2460 me
149 2395 257 2461 credat
285 2394 439 2462 effectum.

589 2548 687 2615 XXV.

38 2694 63 2735 ro
463 2682 647 2741 nnnomvs
667 2682 814 2739 FAVSTO.

119 2790 187 2857 Scit
198 2792 380 2875 magnitudo
395 2792 501 2856 uestra
514 2808 574 2874 qno
590 2810 641 2856 me
656 2789 809 2855 honorent
823 2786 1008 2871 praeiudicio
1025 2786 1201 2853 studiorum

72 2892 254 2960 liberalium
288 2894 454 2959 moseres
487 2896 647 2976 tamquam
683 2912 750 2958 rern
782 2890 844 2957 eibi
877 2890 1016 2955 debitam
1042 2907 1200 2955 oommen·

74 2996 213 3062 dationis
235 3014 323 3061 meae
346 2996 465 3081 scripta
486 3000 654 3081 posoentee.
686 2996 719 3061 in
741 3013 800 3060 usu
822 2993 870 3058 est
891 3010 948 3057 uos
970 2992 1128 3076 beneficia,
1151 3010 1201 3057 me

74 3100 174 3165 uerba
208 3100 346 3166 eonfene
376 3100 408 3165 et
437 3100 685 3183 magnitudinem
720 3116 824 3163 rerum
857 3094 1044 3163 desiderium
1076 3097 1201 3162 uincere

39 3204 276 3287 appendentis.
292 3205 318 3269 si
327 3203 366 3268 ab
374 3202 421 3269 hi
433 3202 547 3267 muniis
559 3204 740 3284 temperem,
751 3202 838 3265 saluo
850 3218 1014 3264 munerum
1026 3200 1201 3263 nestorem

74 3307 178 3390 gendo,
206 3324 262 3389 ego
285 3308 394 3372 uotum
416 3304 553 3371 beniuoli
576 3323 636 3369 non
659 3304 789 3372 habebo.
827 3303 963 3385 perlator
991 3303 1201 3386 praesentium

132 3531 145 3583 1
165 3530 242 3581 intus
260 3526 348 3594 ΜΨ,
375 3527 463 3581 iustus
481 3525 538 3593 Bt,
568 3526 679 3580 adiutus
698 3524 788 3592 δίνη,
814 3526 904 3578 iussus
922 3524 990 3578 corti
1009 3522 1135 3577 &hotias

129 3630 253 3687 xx1111.
286 3627 509 3687 iarootamieT
609 3628 793 3685 deiectionis
809 3628 853 3683 ins
870 3627 958 3682 MV
1054 3624 1200 3694 (iproloxi-

74 3720 134 3773 tate
152 3718 181 3773 B
283 3714 407 3770 Ineetet
425 3714 472 3770 Bo
576 3714 772 3769 9nesciuntur
792 3712 874 3768 MV
977 3710 1011 3766 10
1028 3711 1114 3777 clausa
1130 3711 1158 3766 L
1174 3712 1202 3781 (a

76 3808 157 3871 arua.)
267 3800 300 3856 12
324 3802 468 3856 nendicant
490 3800 517 3855 B
546 3802 627 3868 (sorr.
645 3816 697 3855 rer.
716 3799 741 3869 i)
763 3797 806 3854 To'
912 3797 945 3851 14
968 3796 1089 3866 prestitit
1105 3798 1133 3851 Β

77 3893 111 3946 16
129 3884 256 3959 portitor]
274 3888 362 3959 potior
380 3886 428 3944 Ro
530 3886 650 3941 benificii
668 3885 695 3940 B
764 3880 770 3891 '

129 3992 213 4048 XXV.
248 3990 281 4045 21
309 3990 438 4045 honorent
465 3990 493 4043 Β
519 3990 566 4044 aad
591 3990 704 4045 onerent
718 4004 746 4055 .⁸·
766 3988 783 4045 l.
801 4004 835 4042 aa.
852 4002 904 4044 reo.
922 3987 964 4053 B,
990 3986 1133 4042 onerantia

76 4079 111 4133 22
130 4077 269 4148 metatoris
287 4076 315 4131 Β
425 4076 459 4131 23
477 4092 555 4130 nsum
572 4074 707 4130 B¹LT¹V
795 4074 841 4150 424
858 4072 1044 4145 magnitudine
1061 4073 1133 4128 Bit
1195 4133 1199 4143 ,

78 4163 182 4235 rernm]
197 4168 317 4218 nestram
334 4164 400 4231 fort.
498 4162 531 4217 25
544 4158 891 4229 alienaealienae
983 4158 1200 4241 tibeninoliB¹

78 4251 162 4306 MV
263 4262 341 4304 ‘onon
360 4248 387 4303 Β
485 4247 568 4304 tabeo
589 4249 639 4304 T'o
962 4249 965 4261 '
1070 4237 1073 4246 ⁴

1045 4347 1099 4402 11*
