2992 4967
630 360 745 429 Magni
763 360 890 415 Felicis
906 358 1037 415 Enncdi

589 1028 760 1113 uisus
797 1028 1084 1112 SEPTIMVS.

826 1250 853 1317 Ι.

655 1402 839 1460 ennomus
861 1403 1021 1460 IVLIANO.

319 1526 496 1611 Praeceptis
519 1526 747 1609 magnitudinis
777 1530 900 1591 uestrae
925 1528 1137 1593 ministerium
1157 1526 1327 1593 debitionis
1351 1544 1405 1592 ex·

276 1630 441 1709 soluimus,
472 1628 545 1713 quia
571 1629 608 1693 fit
630 1629 780 1712 aequitati
811 1629 968 1713 proximus
997 1631 1050 1714 qui
1080 1630 1154 1695 iusti
1180 1630 1243 1695 uiri
1271 1630 1405 1695 monitis

277 1735 472 1801 obsecundat.
490 1732 685 1815 negotiorum
708 1731 852 1814 qualitas,
869 1751 947 1814 quae
961 1731 1000 1796 ab
1023 1732 1123 1797 amico
1137 1732 1282 1797 ueribtis
1304 1750 1405 1815 ague-
1424 1750 1436 1791 s

275 1839 389 1903 scenda
411 1836 635 1917 committitur,
670 1836 815 1900 cantione
841 1834 973 1899 instruit
995 1838 1136 1900 animum
1158 1836 1330 1917 cognitoris
1353 1836 1404 1900 in·

276 1939 367 2023 tegni.
404 1938 608 2005 adiectionem
631 1938 796 2003 infudisset
818 1937 908 2003 nobis
931 1938 1158 2021 magnitudinis
1179 1944 1305 2003 uestrae
1327 1957 1404 2004 cen-

277 2042 436 2119 sideratie‚
457 2042 485 2106 si
506 2042 610 2107 studia
625 2058 687 2105 non
710 2042 875 2106 dedissent.
899 2043 931 2105 in
955 2044 1080 2126 negotio
1098 2042 1205 2126 igitur,
1220 2043 1304 2125 qued
1319 2044 1405 2108 inter

277 2145 450 2210 Bautcnem
471 2144 575 2226 regiae
589 2146 699 2209 demus
720 2144 940 2209 conductorem
962 2148 993 2209 et
1008 2145 1218 2226 Epiphaniam
1233 2146 1403 2211 cartarinm

277 2248 426 2331 uertitur,
457 2247 531 2312 dum
553 2264 663 2329 anceps
686 2249 719 2311 in
742 2247 963 2330 disceptatione
984 2251 1091 2314 nostra
1120 2251 1251 2314 euentus
1273 2249 1434 2313 nutareto

276 2356 308 2417 et
330 2353 450 2417 alterna
479 2368 511 2415 se
533 2352 635 2434 partes
657 2351 829 2417 intentione
851 2351 1053 2432 confiderent,
1076 2354 1237 2418 adserente
1260 2352 1402 2417 Beatum

277 2474 309 2520 se
332 2454 491 2535 sexaginta
520 2456 552 2519 et
573 2455 706 2537 quatuor
735 2456 849 2521 solidos
871 2455 1020 2538 publium,
1051 2474 1127 2539 quos
1151 2455 1189 2521 de
1209 2456 1332 2538 reliqua
1353 2458 1401 2520 in-

277 2558 419 2624 dictionis
451 2558 535 2623 illius
568 2558 679 2623 emisso
713 2558 918 2641 chirographo
951 2558 1055 2624 iuuat
1087 2559 1198 2625 dehere
1231 2558 1399 2625 coufessus

276 2658 389 2725 idcirco
422 2678 482 2724 non
504 2678 592 2743 posse
625 2661 803 2740 restituere,
839 2662 911 2745 quia
938 2679 994 2743 per
1022 2680 1134 2727 manus
1162 2662 1307 2727 sublimis
1338 2663 1401 2727 uiri

277 2762 413 2828 Preieeti
441 2763 645 2848 quadraginta
674 2765 789 2829 solidos
811 2766 985 2849 llpiphauie
1007 2766 1147 2850 suffragii
1169 2766 1294 2833 nomine
1326 2784 1431 2833 con-u

277 2866 413 2945 tulisset,
443 2884 499 2949 pro
521 2868 633 2949 quibus
662 2866 786 2933 nullum
807 2867 990 2933 beneficium
1020 2874 1161 2934 secutum
1190 2870 1287 2935 titisse
1310 2872 1397 2937 dccc

277 2974 371 3049 retur,
406 2972 438 3035 et
470 2970 635 3053 replicaret
667 2972 732 3053 ipse
766 2970 972 3053 Epiphanius,
1007 2974 1193 3056 seuquid
1221 2975 1397 3057 aecepiaeet,

277 3072 383 3137 labore
412 3076 561 3139 meruisse
589 3090 643 3138 nee
673 3072 790 3138 frustra
816 3074 875 3139 sibi
903 3075 1083 3140 aBautoue
1110 3074 1276 3159 quicquam
1306 3077 1398 3143 sulse

279 3175 437 3240 conlatum
470 3176 520 3240 uel
554 3176 668 3257 prolati
699 3178 789 3243 testis
824 3177 915 3243 fidem
950 3177 1094 3243 laudibus
1123 3179 1315 3245 incessanter
1346 3181 1398 3246 ad-

278 3276 417 3342 tolleret:
442 3280 608 3344 statuimus
631 3281 666 3344 nt
681 3280 738 3345 sub
762 3280 957 3347 iureiurando
972 3280 1049 3345 mihi
1066 3282 1243 3347 nominatus
1258 3285 1396 3365 superius
1406 3302 1430 3343 ae

279 3378 329 3443 uir
350 3379 464 3445 nobilis
486 3379 645 3447 Proiectus
675 3384 705 3447 et
733 3386 848 3467 sperati
871 3403 970 3469 genus
999 3383 1173 3451 declararet
1199 3386 1341 3453 beneficii
1368 3388 1397 3451 et

279 3481 436 3562 effectum,
460 3484 487 3549 si
509 3484 554 3549 ita
569 3486 659 3569 esset,
676 3486 834 3551 adsereret
847 3506 909 3553 nen
924 3489 1082 3553 secutum:
1106 3488 1188 3569 quod
1204 3505 1274 3552 cum
1289 3489 1396 3555 fuisset

329 3755 352 3810 Ι.
381 3756 573 3827 3debitienis]
598 3758 750 3813 deuotionis
773 3761 789 3814 b
893 3761 1083 3814 (locutionem
1106 3762 1136 3824 b,
1166 3761 1311 3815 cautiorem
1329 3762 1393 3817 eost

279 3840 406 3897 &mace
510 3844 707 3899 'liniendisset
724 3846 785 3909 Bb,
814 3845 962 3900 inaudisset
978 3845 1005 3899 L
1103 3846 1288 3915 tepifanium
1305 3847 1333 3900 Β

279 3926 443 3981 cartherium
467 3928 566 3985 BLVb
678 3932 711 3985 lh
728 3930 852 4000 publicus
870 3931 912 3985 Bb
1025 3934 1058 3987 13
1075 3932 1260 4001 chyrographo
1278 3934 1302 3999 b,
1329 3949 1393 4004 cyro

280 4012 382 4081 grapho
394 4012 456 4079 LV,
479 4016 618 4085 cyrogralo
630 4018 665 4084 Β,
690 4017 849 4087 cirographo
865 4018 890 4073 Τ
972 4018 1064 4073 deberi
1075 4018 1142 4085 fort
1240 4020 1273 4075 lc
1284 4019 1393 4087 epifania

281 4096 315 4162 B,
342 4097 492 4167 epiphauici
513 4101 539 4153 Τ
623 4104 740 4159 nominis
758 4104 807 4158 Bb
904 4105 937 4161 16
955 4105 1063 4160 docetur
1084 4105 1118 4159 V¹
1217 4105 1249 4159 ll
1267 4103 1393 4174 epifaniae

280 4183 368 4239 BLV
466 4184 499 4240 18
522 4186 556 4241 ab
573 4191 686 4243 auctcne
704 4190 732 4243 Β
837 4192 869 4245 19
891 4190 1083 4245 collocatnmb
1186 4190 1291 4261 protea
1310 4193 1336 4247 T

279 4269 314 4323 20
331 4270 487 4325 statuim'a·
506 4276 548 4339 (us
567 4279 648 4341 eras.)
667 4275 694 4330 L
796 4275 863 4329 mihi
880 4293 930 4331 oss.
948 4277 997 4331 Bb
1098 4278 1130 4331 21
1150 4276 1276 4333 beneficio
1294 4278 1333 4333 1¹¹
