2992 4967
567 370 686 424 Dietio
708 367 783 423 xx1.
1176 371 1238 437 491

90 575 248 625 accuses.
279 557 380 623 neseis
400 557 484 640 quie,
507 558 536 623 si
557 557 641 624 inter
670 555 742 622 illos
769 559 842 623 tuae
865 555 1095 625 distributionis
1117 578 1239 643 proees-

92 665 202 728 sisset
231 661 390 744 aequetis,
418 661 599 745 generasset
627 677 780 726 errerern:
809 677 883 726 nam
911 679 1009 726 unum
1035 661 1239 747 inperpetuo

92 765 219 831 decore
248 765 346 843 lueis,
379 766 514 830 alterurn
542 765 575 828 in
603 764 671 846 iugi
700 765 804 829 noete
830 765 1020 848 pessumiere
1048 766 1239 832 tunnassss.

92 868 261 951 meatim,
291 868 319 934 ei
350 867 412 933 alia
439 867 558 935 indiu'a
585 873 642 933 tua
669 868 800 933 extitere
821 869 860 934 (le
881 867 967 934 filiis.
1003 869 1153 952 quidnam
1174 887 1240 935 oese

68 971 275 1049 sponsasti,
304 989 375 1036 eum
403 989 503 1035 unum
529 991 701 1054 numquam
729 971 895 1037 habiturus
923 973 1027 1054 pirate
1054 972 1240 1052 dimitteret,

96 1075 210 1140 alium
241 1092 413 1156 numquam
445 1073 611 1140 relicturus
644 1073 735 1158 quasi
770 1076 858 1159 patre
890 1075 1033 1140 bedente
1066 1075 1240 1141 retineret?

97 1177 256 1261 quiequid
288 1177 360 1260 pest
391 1177 496 1243 oeulos
529 1177 600 1243 tues
621 1177 654 1241 in
676 1177 735 1243 illa
764 1177 855 1243 ferali
877 1179 962 1243 terra
984 1175 1137 1256 sustinui,
1167 1180 1240 1243 ate

97 1277 297 1364 processisse
329 1298 390 1346 neu
424 1280 541 1347 dubito.
579 1297 650 1365 spes
683 1279 763 1346 mihi
792 1283 939 1348 uniuersa
968 1281 1153 1363 eonsumpte
1181 1283 1239 1362 est,

99 1389 277 1467 postquam
297 1384 429 1449 sinenm
442 1385 483 1449 de
496 1382 562 1449 salo
585 1382 750 1450 barbariae
773 1383 949 1467 redempter
970 1382 1132 1452 abscessit.
1161 1401 1240 1468 quas

57 1505 208 1554 ionaues
236 1487 278 1554 aei
304 1486 398 1553 litera
425 1486 599 1554 inhumana
625 1487 789 1554 tendentes
818 1505 881 1556 neu
908 1486 1030 1571 ptimlit
1058 1487 1178 1571 inspexi
1208 1491 1241 1554 et

100 1589 259 1674 quiequid
281 1592 469 1656 uaneseente
490 1591 610 1657 uisiene
625 1609 688 1657 nen
709 1590 921 1674 sequebantur
942 1591 1026 1662 eruli
1041 1591 1145 1658 mente
1167 1609 1241 1658 eon·

101 1693 276 1778 prehendi,
320 1693 393 1776 quia
424 1695 567 1778 segarim
606 1692 780 1777 inspieiunt
815 1692 935 1777 aliquid
973 1695 1027 1777 qui
1064 1693 1241 1779 promptius

101 1797 364 1883 praestolantur?
397 1796 540 1880 quotiens
568 1799 641 1864 ente
663 1797 835 1864 aduentum
856 1797 963 1873 tunm,
993 1797 1162 1880 siquando
1184 1813 1240 1866 nes

103 1901 247 1966 lustrere
278 1918 382 1966 aerem
414 1903 520 1984 pirata
549 1903 703 1985 premisit,
737 1902 774 1968 in
800 1901 956 1968 eruaneis
989 1901 1069 1970 milri
1101 1902 1240 1986 pensem

65 2007 200 2086 reputer
233 2004 371 2069 emunit
404 2008 435 2070 et
466 2004 534 2071 uidi
561 2005 629 2084 iras,
661 2004 827 2088 quaesibi
856 2021 943 2072 emor
971 2006 1038 2072 sine
1066 2005 1239 2072 mentiendi

105 2106 398 2190 ‹ledeuerepingit
421 2108 566 2194 effigies?
592 2110 642 2176 lris
663 2109 856 2195 imaginibus
877 2109 931 2174 ‹liu
953 2107 1124 2177 suffleiure
1147 2109 1241 2178 eorda

106 2210 279 2276 feriuntur.
314 2211 391 2277 lraul
425 2213 568 2295 quotiens
600 2212 745 2279 renuenti
778 2211 858 2280 mibi
889 2211 993 2290 uibus,
1027 2228 1103 2298 quos
1137 2212 1241 2296 piretu

105 2312 306 2397 praestabat,
333 2314 392 2381 lras
413 2314 564 2382 tumme
587 2313 799 2382 muselatiene
818 2315 982 2382 subuenit:
1019 2316 1082 2382 “nil
1103 2321 1237 2396 metuas,

106 2415 159 2480 nil
173 2415 211 2480 de
224 2415 283 2482 hae
304 2416 481 2482 adflietime
502 2420 655 2502 suspires:
677 2417 706 2482 si
729 2420 851 2484 ereatnr
864 2417 939 2486 tuus
954 2421 1106 2502 superest,
1128 2437 1240 2502 parum

70 2539 128 2584 sea
157 2515 315 2586 libertatis
336 2519 473 2586 statiem
498 2519 699 2602 eeimguisff
736 2537 806 2588 eeee
840 2521 1007 2602 aliquande
1040 2521 1145 2590 adfuit
1174 2542 1241 2590 esre

109 2622 244 2705 eapitis:
266 2622 370 2689 alreer
388 2623 469 2690 milri
490 2625 663 2690 aduentum
684 2623 780 2690 istius
795 2625 828 2688 et
841 2624 957 2707 praede
979 2623 1151 2692 nuntiauit.
1178 2644 1241 2693 usu

106 2727 203 2808 lunge
229 2723 293 2790 luit
322 2723 362 2789 ab
394 2724 535 2810 integrae
565 2741 671 2792 amere
701 2722 887 2792 cenentur
921 2724 975 2807 qui
1008 2725 1238 2808 redemptorem

108 2828 213 2893 laetus
243 2831 374 2911 exeepit.
408 2847 471 2896 nen
492 2827 677 2907 habuimus,
705 2826 842 2904 iudieee,
871 2825 1012 2896 domiuus
1034 2826 1240 2896 inhumanus:

108 2931 240 2998 inerunt
261 2933 317 3015 qui
336 2933 512 3014 potuissent
534 2933 568 2999 et
588 2949 679 3016 prese
700 2931 838 2998 melliti:
866 2931 893 2996 si
916 2929 985 2998 auri
1007 2931 1145 3014 mopiam
1167 2949 1240 3000 ceu-

75 3040 292 3118 epeneassent
313 3036 470 3115 luerim,
493 3055 555 3102 uno
577 3039 717 3120 tempere
735 3035 884 3118 utrosque
899 3034 1079 3104 reduxerat:
1101 3035 1239 3104 testatus

110 3141 162 3204 est
182 3137 320 3203 noluisse
341 3139 408 3204 lieri
431 3142 512 3222 qued
534 3143 666 3206 nonest
687 3155 801 3222 magne
830 3140 976 3222 pressius
996 3138 1153 3222 upenuie.
1188 3157 1240 3206 ex·

109 3239 248 3326 pendite,
270 3261 392 3325 queem,
423 3243 499 3326 qnid
521 3261 541 3308 a
561 3261 613 3308 me
634 3242 703 3308 iure
724 3241 861 3324 postulet
884 3242 940 3324 qui
960 3241 1040 3308 mihi
1061 3241 1095 3308 in
1117 3240 1241 3310 ultimis

111 3363 169 3411 nee
191 3344 418 3429 supplicatione
444 3345 602 3412 subuenit.
636 3344 780 3410 adiecisti
807 3343 890 3426 quod
915 3345 1088 3429 priuilegiis
1110 3346 1241 3413 naturae

164 3601 376 3670 linterlprl'
459 3600 758 3688 prmeesireeterqu
853 3600 1075 3670 linietiemT
1164 3599 1239 3668 iliu]

111 3704 246 3761 eumn
347 3702 862 3771 emmerammenses.
965 3703 1241 3774 bpmnqeei)

112 3825 140 3880 Β
258 3796 412 3881 emet
436 3825 465 3880 Β
594 3791 760 3882 metm
786 3824 814 3880 Β
944 3795 1175 3884 eumenen

113 3912 147 3966 10
167 3908 265 3995 littere
288 3910 315 3966 Τ
427 3910 462 3966 11
484 3911 638 3968 mussula
661 3911 689 3966 B
791 3910 951 3980 sequebatur
973 3909 1013 3964 L¹
1115 3909 1147 3964 13
1164 3923 1241 3978 pras-

114 4032 305 4088 eunnmn
411 4032 503 4089 aru
607 4033 868 4090 ramessem*
968 4001 1242 4100 tettalias

113 4133 183 4174 ee.
305 4117 340 4174 rs
364 4118 462 4189 puger
487 4120 516 4175 Β
649 4119 681 4175 rr
706 4119 849 4174 munes
875 4117 916 4174 Β
1041 4115 1119 4173 usse
1144 4117 1173 4172 Β

116 4202 346 4273 rapae-seer
431 4204 619 4262 mimitz
715 4204 923 4274 laserpirisB
1005 4203 1173 4272 ‘pmnlt

114 4291 146 4348 11
163 4288 263 4359 eapitis
280 4289 308 4347 Β
409 4289 445 4348 94
460 4306 537 4361 prees
555 4291 584 4348 B
681 4291 928 4362 representare,
953 4291 1115 4360 impteretur
1136 4289 1172 4344 V¹
