2992 4967
381 348 496 420 Opusc.
515 350 562 405 vl.
578 350 761 405 Ambrosio
778 352 812 405 st
829 350 941 405 Beato.
1158 350 1223 417 409
1310 342 1314 349 “

98 544 130 609 in
153 542 220 607 illis
240 542 273 607 et
294 541 445 627 magistra
466 538 669 607 taciturnitas
689 543 722 606 et
743 539 860 608 andita·
885 536 990 606 torma
1017 538 1144 606 silentii.
1175 540 1223 605 est

96 647 194 711 mmm
209 644 363 713 Probinus
383 642 544 727 patricius,
567 641 682 727 placidi
701 642 855 725 germinis
869 642 1046 709 examinata
1060 641 1222 718 claritudo,

96 764 192 833 quem
215 746 569 813 eruditorumlamiliaa
590 762 691 812 monos
704 747 747 813 ad
761 764 899 831 unguem
912 746 1002 813 dmti
1015 746 1222 824 contuleruut,

95 853 153 936 qui
174 855 207 917 at
228 852 266 917 de
287 850 386 934 patris
408 852 440 915 at
463 850 501 915 de
523 848 622 917 soceri
644 850 750 917 hausit
772 850 875 928 ioum,
903 848 987 933 quod
1007 849 1141 915 mundas
1162 851 1222 915 est

70 954 322 1037 ecstpatriaius
345 952 514 1038 Cethegus,
544 955 609 1019 eius
630 952 729 1031 lilius,
753 952 803 1017 uir
823 943 1017 1037 conmlaris,
1040 953 1093 1035 qui
1113 968 1223 1017 mnam

95 1056 296 1143 prudentiam
318 1058 419 1123 minor
441 1054 676 1139 transgrediens.
696 1055 763 1121 sine
785 1055 897 1121 aetatis
918 1052 1106 1138 praeiudicio
1127 1054 1223 1121 habet

95 1166 131 1227 et
152 1165 371 1245 prouectorum
399 1176 540 1245 saporem
562 1161 595 1225 et
622 1158 718 1225 mella
745 1160 907 1241 pueritiae.
940 1160 992 1223 est
1017 1157 1144 1225 Boeticn
1166 1176 1223 1239 pa·

95 1264 217 1343 tricina,
240 1266 272 1329 iu
286 1280 347 1346 qno
361 1263 415 1327 uir
437 1262 576 1329 discendi
597 1278 696 1327 annos
710 1261 842 1345 respicis
856 1264 890 1325 st
904 1260 1062 1345 intellegis
1075 1259 1222 1345 peritiam

95 1366 238 1433 sufficere
260 1366 324 1431 iam
346 1364 491 1448 docendi,
523 1365 564 1430 de
584 1382 645 1448 quo
669 1365 904 1431 emendatorum
924 1364 1080 1430 iudicauit
1099 1361 1221 1429 electio.

54 1472 146 1535 mest
166 1470 320 1554 Agapitns
353 1468 519 1553 patricius,
555 1469 587 1533 et
618 1468 782 1533 honestm
814 1467 902 1535 diues
933 1469 967 1533 et
999 1466 1139 1533 scienda.
1175 1470 1222 1532 est

95 1573 217 1639 Probus
240 1572 277 1637 V.
300 1574 337 1655 1,
360 1590 452 1655 quem
474 1576 501 1639 si
522 1572 704 1656 sequamini,
726 1570 820 1637 illum
842 1570 994 1636 Faustum
1008 1573 1040 1635 et
1054 1570 1221 1648 doiorum,

96 1693 173 1759 quos
205 1675 410 1761 praedixistis,
433 1675 627 1761 praesentes,
662 1676 758 1740 etiam
791 1693 862 1741 cum
896 1674 1022 1753 desunt,
1056 1672 1220 1739 habebitis.

95 1781 213 1845 ceteros
236 1780 334 1845 claros
356 1780 452 1857 uiros,
473 1796 549 1861 quos
565 1780 690 1843 tautum
707 1776 747 1843 ad
763 1795 813 1842 me
828 1776 933 1861 opinio
947 1778 1073 1863 detulit,
1095 1776 1222 1844 silentio

95 1881 253 1965 relinquo:⁴
279 1900 334 1965 per
360 1881 430 1963 hos,
459 1882 485 1947 si
507 1880 595 1947 uobis
617 1880 681 1947 iam
703 1882 788 1949 cordi
810 1885 858 1947 est
879 1883 1061 1960 maturitas,
1090 1884 1145 1947 aut
1166 1901 1222 1965 per

53 2006 84 2047 aa
98 2004 160 2065 eos,
184 2003 259 2068 quos
281 2003 352 2051 sum
373 1985 540 2071 praelatus,
564 1986 736 2069 agnoscite:
760 1984 937 2052 manifestis
958 1984 1041 2051 euim
1062 1986 1153 2067 patet
1174 1984 1221 2051 iu-

94 2088 186 2153 diciis
202 2088 319 2155 amicum
333 2090 482 2156 bonorum
504 2106 560 2155 nec
578 2091 610 2154 in
630 2090 728 2155 altero
749 2106 850 2155 mores
866 2090 1031 2174 quisquam
1046 2088 1220 2171 hominum,

93 2191 157 2257 uisi
191 2209 265 2274 quos
292 2190 324 2255 in
353 2209 387 2256 ee
414 2191 578 2267 formauit,
613 2190 825 2274 amplectitur.
859 2191 924 2257 iam
951 2191 979 2257 si
1007 2194 1221 2257 matronarum

93 2293 229 2360 delectat
252 2294 359 2369 aditio,
384 2293 506 2359 habetis
530 2296 676 2359 domnam
700 2295 882 2372 Barbarum,
905 2295 1038 2359 Romani
1061 2294 1117 2361 flos
1137 2295 1222 2379 genii

93 2415 173 2481 quae
201 2398 381 2464 testimonio
411 2397 517 2463 uultus
538 2396 706 2479 patefaciat
729 2396 832 2463 lucem
853 2397 1014 2481 sanguinis
1037 2402 1068 2463 st
1090 2397 1219 2482 saporis,

55 2504 126 2567 acin
163 2519 224 2585 qua
259 2500 427 2566 inuenietis
460 2506 491 2565 et
524 2499 732 2566 uerecundam
769 2500 971 2565 securitatem
1004 2506 1035 2567 et
1069 2501 1106 2567 de
1141 2503 1220 2568 bono

93 2604 228 2671 actionis
251 2604 456 2671 confidentem
479 2604 708 2683 uerecundiam,
732 2621 908 2669 sermonem
931 2602 1067 2669 naturali
1090 2609 1122 2669 et
1144 2605 1219 2669 arti·

92 2704 145 2772 fici
173 2706 374 2789 simplicitate
403 2708 577 2793 conditum,
613 2710 649 2772 ut
677 2725 734 2771 nec
765 2704 850 2789 lepos
879 2708 1063 2773 deuenustet
1091 2708 1221 2791 alloquii

93 2828 151 2875 neo
179 2810 264 2875 duris
292 2810 439 2892 splendor
466 2810 652 2877 feminarum
680 2808 813 2895 rigescat
841 2808 1005 2888 affatibus,
1034 2810 1068 2875 iu
1090 2829 1152 2894 qua
1173 2811 1220 2876 sic

93 2912 127 2978 in
149 2919 293 2978 naturam
323 2916 449 2980 transiit
477 2914 648 2979 honestatis
676 2914 860 2997 diligentia,
896 2914 932 2978 ut
961 2914 989 2979 si
1019 2914 1073 2980 uel
1093 2915 1221 2980 mentiri

55 3038 83 3080 aa
92 3016 188 3093 uelit,
216 3033 278 3081 non
305 3017 405 3100 possit
431 3016 567 3083 horrore.
605 3022 696 3083 sonat
724 3017 869 3101 pudicam
891 3018 1001 3101 lingna
1023 3016 1220 3084 dulcedinem

93 3134 152 3183 nec
173 3118 288 3185 mentis
316 3118 462 3185 nubilum
490 3120 573 3183 tecto
601 3121 701 3187 sereni
728 3120 879 3187 sermonis
908 3119 1063 3203 operitur:
1092 3120 1150 3187 hoc
1164 3125 1220 3187 est

93 3220 227 3305 pectoris
250 3222 331 3307 quod
353 3224 504 3305 loquelae.
535 3221 588 3286 det
609 3223 734 3289 ueniam
758 3222 946 3291 seminarum
967 3223 1112 3291 diadem
1132 3242 1219 3308 prae-

93 3326 241 3403 sumenti,
259 3324 345 3409 ·quod
368 3327 434 3391 eius
449 3325 574 3392 inuideo
590 3325 707 3410 quieti:
731 3328 827 3393 uelim
843 3327 933 3393 illam
947 3328 1090 3398 omnibus
1106 3328 1218 3395 ltaliae

143 3536 361 3607 epopeus
464 3539 666 3609 seyegna
768 3510 878 3625 aira
981 3505 1150 3609 esen

91 3637 244 3720 boeciusB
328 3639 457 3709 patricius
475 3640 503 3693 Β
520 3656 540 3695 a.
554 3642 573 3699 l.
658 3639 867 3698 8descendi1'
950 3658 1034 3698 annos
1051 3642 1079 3697 Β
1096 3642 1148 3697 sl.

90 3724 215 3794 periciam
235 3725 262 3779 Β
362 3726 395 3780 12
412 3724 586 3795 praedixistse
605 3728 633 3781 Β
732 3730 854 3783 aderatis
871 3730 898 3783 Β
954 3744 959 3756 “
999 3729 1031 3783 14
1046 3727 1095 3783 hos
1112 3725 1220 3799 scripsi,

90 3826 141 3865 uos
159 3810 215 3866 BL
228 3816 256 3876 (u
267 3812 299 3866 s'n
311 3818 378 3877 roc.)
397 3812 470 3867 TVt
520 3838 523 3844 ·
560 3812 593 3869 15
610 3812 737 3882 agnuscit
753 3814 793 3869 Βι
878 3814 952 3885 petit
968 3815 1008 3870 Βι
1096 3814 1130 3869 16
1146 3815 1219 3888 quis

91 3913 146 3967 qua
163 3896 191 3952 L
282 3898 655 3966 ltinrormauiclsecm.)13
749 3902 782 3956 18
801 3900 1152 3971 desudamenta

92 4002 126 4057 19
142 4002 190 4071 qui
210 4002 243 4069 T3
271 4018 338 4072 qaae
355 4002 387 4058 a
404 4004 423 4059 f.
442 4004 517 4073 genii
534 4002 599 4070 sort.
702 4004 736 4059 20
754 4005 902 4060 inuenietes
921 4005 948 4059 Β
1052 3995 1106 4059 bo”
1123 4006 1151 4061 L

90 4104 126 4159 22
142 4096 186 4160 ue‘
203 4106 230 4161 L
315 4106 391 4177 lepus
408 4107 435 4161 Β
525 4108 560 4163 24
577 4110 692 4165 transiet
710 4109 737 4163 Β
824 4108 974 4166 mentirim
991 4109 1019 4164 L
1109 4111 1145 4167 25
1161 4112 1218 4166 uel·

91 4192 126 4247 lit
144 4191 173 4246 Β
268 4193 375 4248 horrore
392 4195 498 4263 scripsi,
526 4211 640 4251 errorem
658 4196 722 4251 latri
819 4194 1028 4251 2dnoloilumB
1127 4198 1161 4252 tl
1178 4198 1218 4253 lo-

90 4278 166 4348 quele
183 4277 211 4332 Β
312 4280 346 4335 28
364 4280 456 4335 uellirn
475 4282 502 4336 Β
