2992 4967
306 340 370 407 452
668 338 784 409 Magni
802 336 932 394 Felicis
951 338 1085 395 ltnnodi

302 529 498 597 adnumerat.
543 532 579 593 tu
601 525 731 595 castulii
753 527 892 613 gurgitis
914 528 1022 595 lautus
1050 545 1211 613 potemur
1238 526 1373 595 inaedie:
1396 530 1423 593 at

303 648 359 717 ego
387 630 441 697 uix
470 630 636 699 arentibus
658 630 754 699 labiis
781 632 958 699 stillantem
988 635 1115 719 guttam
1145 632 1280 701 marcidi
1308 632 1422 717 liquoris

302 732 444 801 infundo.
489 736 521 799 te
559 736 670 801 sudore
703 734 851 801 contiuuo
888 736 980 801 nulla
1008 737 1191 803 diuersitate
1217 735 1424 821 interpellante

303 838 410 923 utpote
431 837 578 905 eolormm
601 856 694 903 suum
718 837 877 905 doetrinae
894 838 1005 905 messis
1027 838 1216 923 amplificat:
1239 839 1276 904 at
1296 838 1425 905 mihiu'u

304 942 342 1009 de
351 958 542 1027 magnorum
557 940 677 1009 horreis
691 959 811 1025 pauper
826 941 919 1007 funali
935 958 1007 1008 esoa
1021 943 1202 1027 porrigitur.
1217 944 1255 1009 tu
1269 942 1304 1008 in
1318 944 1426 1007 susten·
1440 967 1450 1006 s

303 1046 455 1113 tationem
477 1043 617 1113 ruiturae
643 1045 803 1112 libertatis
820 1044 896 1111 felix
911 1044 1038 1111 dextera
1057 1044 1253 1132 subrogaris:
1276 1064 1328 1113 me
1342 1045 1426 1111 eaelo

303 1150 369 1216 siae
390 1148 525 1235 angulus
550 1147 648 1215 stiam
668 1148 750 1216 bona
763 1150 960 1216 metuentem
975 1148 1096 1214 saeouli
1109 1148 1282 1232 praesentis
1296 1146 1426 1215 ineludit

304 1252 397 1336 quid,
427 1270 518 1335 rogo,
550 1252 655 1318 uisum
685 1254 734 1319 est
767 1252 888 1318 dudum
921 1252 1059 1336 insignia
1089 1252 1286 1337 eloquentiae
1314 1250 1427 1317 turein

304 1374 354 1421 me
383 1355 450 1421 tam
470 1355 564 1437 longe
587 1354 726 1438 positum
748 1355 855 1421 oeulos
878 1351 1059 1420 destinaret
1097 1354 1225 1421 fuerunt
1247 1356 1349 1439 magis
1374 1352 1426 1429 alii

303 1475 379 1541 quoe
403 1456 553 1525 diotiouis
581 1458 654 1527 tuae
676 1459 861 1524 ornamenta
882 1461 1107 1541 ooupunerent,
1134 1457 1252 1543 quibus
1274 1458 1450 1523 uerbornmu

302 1559 447 1644 phalerae
472 1578 529 1643 per
552 1560 694 1627 Latiares
722 1560 894 1644 elegantias
924 1561 1101 1647 adquisitae
1123 1561 1285 1627 uicturum
1308 1562 1340 1625 et
1360 1558 1427 1641 apud

303 1666 444 1749 posteros
472 1682 586 1730 nomen
621 1662 775 1730 offerrent
803 1682 855 1729 me
883 1664 980 1730 tnoito
1007 1664 1108 1732 teneri
1136 1665 1265 1730 tantum
1296 1660 1427 1729 conuenit

303 1769 420 1836 affeetu
442 1768 535 1835 dietis
559 1767 699 1851 inparem
723 1766 756 1831 et
785 1764 897 1833 offieiie
927 1768 1167 1849 sequestratum.
1205 1766 1282 1850 quid
1310 1765 1427 1849 erigeres

304 1873 425 1939 animos
455 1888 531 1953 quoe
554 1870 636 1935 alter
666 1869 730 1935 iam
752 1868 815 1935 eibi
837 1870 925 1937 uitae
948 1872 1022 1939 ordo
1050 1870 1258 1938 subdiderat?
1297 1867 1371 1953 quid
1395 1863 1426 1929 nd

303 1977 336 2042 te
357 1991 519 2041 reuooares
535 1992 592 2058 per
612 1972 708 2057 longo
721 1972 873 2039 itinerum
894 1974 1062 2041 interunlln
1080 1972 1249 2041 distantem
1273 1972 1448 2045 homiuemu

305 2079 387 2163 apud
409 2095 501 2162 quem
529 2075 613 2143 siout
642 2075 729 2144 netas
754 2081 887 2143 estnon
909 2078 1062 2145 meruisse
1084 2078 1221 2158 laudari,
1251 2076 1303 2143 ita
1324 2076 1426 2143 eumen

304 2183 400 2249 fuisse
415 2181 603 2249 laudatum?
626 2183 681 2245 tua
695 2181 780 2257 sunt,
802 2182 868 2259 tua,
888 2200 929 2248 ne
943 2181 1065 2262 dubita
1081 2184 1139 2248 aut
1153 2199 1273 2260 eorum,
1291 2178 1320 2245 si
1335 2182 1426 2243 tamen

304 2284 440 2351 inueniri
468 2284 639 2368 potuerunt
668 2284 722 2368 qui
752 2285 910 2352 secuntur.
954 2285 993 2350 ad
1022 2282 1297 2350 adulescentulum
1326 2285 1424 2352 tumen

304 2406 397 2472 quem
418 2387 591 2471 proesentis
614 2386 677 2453 diei
702 2388 866 2456 auditoriis
888 2388 953 2454 tuis
976 2387 1116 2471 auspicia
1138 2387 1340 2463 dedicarunt,
1368 2398 1424 2447 eom

303 2508 365 2573 quo
388 2488 465 2556 mihi
487 2489 578 2575 parili
602 2490 738 2557 infantia
761 2492 917 2571 eunomii,
945 2491 972 2555 ei
994 2490 1088 2555 nenia
1109 2507 1162 2555 me
1184 2488 1322 2569 donatis,
1344 2483 1447 2553 reru·

304 2598 461 2661 conuento.
500 2592 589 2661 euius
612 2595 783 2679 primordia
804 2594 951 2678 quamuis
981 2592 1168 2659 infabricato
1196 2608 1342 2657 sermone
1367 2604 1426 2654 eon·

303 2699 457 2779 mandem,
479 2696 621 2783 imperiis
645 2696 762 2763 amoris
785 2714 922 2763 excusor.
946 2694 1139 2779 subiugum
1162 2692 1324 2760 mittimur
1345 2690 1425 2757 dilec-

304 2801 399 2867 tionis
421 2800 607 2869 necessitate
632 2799 796 2867 oonstrioti
826 2800 877 2884 et,
907 2800 984 2866 dum
1005 2799 1086 2865 uaris
1108 2797 1335 2883 prospicimus,
1362 2791 1425 2878 qnid

304 2920 360 2969 noe
382 2904 489 2971 deeeat
508 2922 571 2970 nun
594 2903 747 2991 uidemus.
792 2903 876 2969 huno
899 2903 977 2969 boet
1001 2903 1133 2986 paterna
1155 2900 1318 2967 debuisset
1338 2895 1424 2965 oratio

304 3005 463 3091 prosequi,
485 3024 548 3074 uon
570 3009 618 3071 est
640 3008 745 3071 tamen
769 3006 899 3090 epatre
922 3005 1024 3071 aliena
1047 3022 1141 3088 quam
1164 3003 1299 3089 porrigo.
1331 2996 1448 3069 detritu

355 3243 554 3299 moran
657 3212 750 3309 ein,
777 3243 850 3300 utu
954 3241 1136 3298 ausone
1237 3236 1425 3297 emamus

303 3347 368 3414 furt.
487 3344 684 3415 templifleat
714 3344 994 3415 (oeoep.ua.1)V
1110 3344 1200 3401 adB
1320 3335 1424 3401 trudi

305 3450 333 3505 n
382 3504 384 3509 ,
430 3412 531 3506 er'r
628 3448 1076 3506 u-uonsmenaraam.
1180 3443 1373 3505 omme

304 3534 453 3607 'tangolm
471 3533 512 3603 Β,
537 3535 638 3605 angulo
660 3534 695 3590 Τ·
798 3534 816 3589 8
838 3532 942 3604 insigni
966 3532 1153 3605 aeloquentiae
1176 3532 1217 3601 Β,
1247 3530 1380 3603 insigniere
1393 3527 1423 3580 lo

304 3639 431 3709 quentiae
458 3637 503 3708 γ’,
530 3602 640 3709 insign„
658 3638 810 3709 eloquentie
832 3638 871 3709 (iu
887 3652 909 3693 a.
926 3636 946 3694 t.
963 3655 1000 3696 m.
1017 3640 1048 3706 Β)
1074 3638 1102 3695 Β
1202 3603 1368 3693 tmeamB

304 3725 398 3782 oeuiue
415 3724 456 3781 B¹
558 3724 690 3780 distinere
707 3723 736 3779 Β
838 3724 872 3779 11
895 3724 997 3781 faleras
1014 3724 1103 3790 m,
1129 3722 1242 3779 iaderae
1259 3723 1289 3778 Β
1385 3728 1424 3785 lm

303 3828 331 3884 n
432 3791 543 3883 anuis
571 3826 608 3895 r,
636 3827 744 3884 ner-se
770 3826 860 3885 unu
978 3828 1155 3899 laurigeros
1180 3826 1296 3897 aspa
1324 3817 1422 3891 erigus

304 3928 405 3998 MW,
427 3930 544 4002 erogetis
555 3930 590 3998 Β,
613 3932 697 4003 erigis
712 3930 747 3987 1⁸
833 3932 869 3990 14
880 3933 958 4005 quoe]
970 3932 1043 4002 quod
1056 3931 1084 3987 Β
1168 3924 1367 3986 subdederatB

305 4016 338 4071 lb
355 4030 494 4073 reuoeares
510 4017 623 4089 abripui,
649 4019 782 4074 renouari·
800 4018 867 4075 b'bra'
955 4019 1091 4073 itonerum
1107 4014 1145 4083 Β,
1170 4016 1271 4072 iterum
1288 4010 1371 4071 ΜΨ

304 4102 338 4157 18
348 4100 490 4171 potuerint
502 4102 584 4160 Sim.
674 4104 893 4175 sequunturbt'
982 4103 1080 4164 udon-
1092 4102 1121 4159 Β
1211 4096 1421 4158 adolisemtuium

303 4184 330 4241 Β
442 4187 477 4243 19
498 4190 628 4259 prumtis
647 4189 760 4247 Bm
867 4190 987 4260 ampitio
1010 4188 1038 4247 V
1145 4188 1182 4245 ΒΟ
1203 4187 1317 4245 donatae
1337 4182 1365 4240 Β

303 4272 338 4329 28
355 4272 428 4343 quod
445 4272 473 4331 L
634 4296 635 4301 ¹
