2992 4967
265 313 328 387 208
371 336 375 347 ’
619 310 735 380 mogon
755 311 881 367 Felicia
900 311 1030 367 Ennodi

265 501 425 567 conlatum
449 500 544 565 fuerit
565 499 639 565 dnm
662 500 696 565 in
718 518 779 566 usu
801 505 859 579 eet,
882 503 972 566 ornat
993 503 1170 566 auctorem:
1191 500 1390 584 ingeniorum

266 601 454 688 elegantiam
470 601 523 683 qni
539 602 695 695 concludit
709 605 871 673 extenuat:
895 621 974 669 onas
986 622 1071 668 error
1084 604 1133 668 est
1147 602 1269 688 prodire
1290 600 1389 668 rueti-

265 708 390 771 cantem
424 708 455 769 et
484 702 616 789 dignum
649 703 753 777 laudis
783 705 898 771 honoro
919 704 1107 770 delitescere.
1153 706 1304 787 numquid
1324 721 1389 782 non

265 806 402 873 habuisti
426 806 521 891 digna
542 808 716 873 memoratu
739 809 797 873 aut
819 824 875 892 ego
891 806 950 872 eici
965 808 1051 872 meus
1075 824 1146 873 aum
1162 826 1224 877 non
1239 804 1388 873 colendus

265 913 408 994 cloquio?
445 910 508 977 init
535 912 699 995 aliquando
722 911 863 988 materia,
886 930 965 994 quae
987 912 1033 979 sio
1055 909 1195 979 omnium
1217 907 1335 997 linguis
1358 912 1390 975 et
1413 935 1429 975 s

266 1014 381 1079 littoris
404 1014 591 1086 celebranda
608 1011 660 1093 sit,
683 1016 805 1099 quando
820 1011 859 1080 ad
874 1011 1047 1095 nuptialem
1065 1015 1203 1099 copumm
1219 1012 1389 1097 perductus

265 1118 356 1183 homo
379 1122 437 1194 est,
462 1118 515 1183 cni
535 1136 607 1183 cum
628 1136 742 1203 magna
764 1118 806 1182 sit
828 1118 880 1183 lux
894 1117 1059 1193 natalium,
1075 1117 1266 1189 abundantia
1288 1113 1390 1180 iacul-

264 1220 376 1297 tatum,
400 1217 567 1303 disciplina
599 1223 631 1285 ei
657 1221 760 1301 pudor
782 1224 949 1302 utrumqne
970 1219 1207 1305 transgreditur,
1231 1218 1285 1301 qui
1306 1216 1389 1281 uitia

266 1322 366 1393 carnis
389 1322 532 1389 abiurane
554 1340 609 1407 pro
624 1320 844 1389 blandimento
860 1324 943 1407 turpi
958 1323 1125 1405 respuebat
1141 1322 1288 1408 quicquid
1304 1322 1389 1405 legas

266 1425 375 1493 dedere
397 1443 453 1511 pro
475 1425 612 1491 remedio
634 1427 666 1492 et
688 1427 797 1492 nolens
815 1425 930 1490 uxoriis
952 1442 1062 1509 corpus
1085 1424 1234 1512 deputare
1250 1422 1429 1488 comitiisro

264 1528 389 1613 putauit
421 1546 454 1593 se
489 1528 639 1613 addicere,
673 1529 700 1593 si
726 1527 895 1610 quicquam
916 1527 1030 1592 mundo
1052 1530 1237 1609 inpenderet
1257 1528 1390 1593 liberam

266 1632 467 1699 castitatem?
495 1632 571 1697 hacc
593 1630 652 1697 etsi
675 1650 737 1695 non
760 1629 875 1713 diligis,
899 1630 992 1695 dobes
1009 1631 1114 1696 tamen
1137 1648 1192 1714 pro
1207 1629 1326 1717 ingenii
1340 1629 1390 1695 tui

266 1736 474 1803 ostentatione
501 1736 637 1801 laudaro.
672 1752 839 1816 possumus
876 1735 908 1799 te
940 1735 1062 1800 credere
1095 1732 1212 1799 bonum
1244 1733 1329 1810 fieri,
1363 1733 1390 1800 si

266 1837 427 1905 audiamus
450 1855 528 1922 qnae
550 1837 680 1902 honesta
701 1836 778 1902 eunt
799 1838 1038 1919 praedicantem.
1062 1852 1145 1901 nnnc
1167 1836 1302 1901 salutem
1323 1836 1389 1903 lar·

265 1941 429 2022 gissimam
452 1939 557 2004 dicens
580 1942 616 2007 ut
634 1935 791 2003 rescribas
813 1940 970 2018 admones,
995 1944 1026 2004 et
1042 1956 1104 2003 non
1126 1952 1176 2003 mo
1192 1939 1229 2003 de
1252 1938 1386 2022 epistola
1402 1958 1429 2001 nr

267 2062 336 2109 moa
353 2042 507 2117 aestimes,
531 2061 634 2125 qnam,
656 2039 732 2106 deus
748 2043 839 2106 tostis
855 2043 911 2122 est,
924 2043 998 2107 dnm
1014 2042 1050 2106 de
1065 2040 1195 2107 basilica
1208 2059 1389 2123 remearem,

267 2146 493 2210 transcursione
515 2146 640 2211 dictaei.

793 2336 867 2401 XII.

665 2469 849 2525 ENNODIVS
870 2469 993 2526 enolto.

310 2591 377 2671 Qua
410 2596 440 2659 te
474 2594 669 2661 deuinctione
702 2598 841 2667 teneam,
875 2611 936 2675 quo
957 2592 1120 2677 diligentia
1141 2594 1327 2676 conplectar,
1350 2612 1387 2657 er
1400 2618 1428 2659 eo

268 2696 367 2761 animi
392 2696 440 2761 toi
463 2700 557 2779 potos·
571 2696 720 2781 qualitate
749 2696 904 2778 colligere.
928 2695 979 2759 uir
1003 2696 1085 2760 enim
1108 2696 1205 2762 amari
1228 2696 1390 2780 continget

268 2798 330 2864 nisi
352 2814 427 2883 qnos
461 2800 626 2865 sinceriter
658 2816 763 2864 amam
797 2800 981 2863 constiterit.
1027 2798 1225 2881 congreditur
1253 2798 1344 2862 inter·
1358 2816 1390 2863 se

268 2902 412 2968 caelestis
445 2903 536 2983 nigor
566 2901 740 2965 animarum
779 2903 811 2963 et
842 2900 947 2965 studia
979 2917 1041 2964 sua·
1068 2901 1165 2965 mets
1198 2900 1259 2965 eibi
1281 2902 1390 2983 pandit

269 3004 426 3083 affatibus,
460 3005 492 3068 et
524 3004 592 3067 idoo
625 3003 653 3067 si
686 3002 936 3078 uicissitudinem
968 3003 1048 3068 mihi
1081 3003 1206 3071 reddere
1240 3003 1387 3085 disponis,

269 3106 380 3172 insiste
401 3106 529 3185 domno,
562 3106 599 3171 nt
631 3105 844 3171 suburbanum
864 3104 962 3187 illud,
987 3107 1059 3171 dato
1081 3108 1108 3171 si
1131 3105 1278 3188 dignatur
1299 3125 1319 3171 a
1340 3125 1427 3172 meas

270 3211 379 3292 pretio,
402 3208 572 3291 comparari
593 3207 709 3288 iubeat,
736 3211 827 3292 qaod.
840 3210 962 3283 dumio
985 3209 1111 3292 Liguria
1134 3208 1232 3287 luero,
1255 3208 1391 3275 feliciter

322 3433 336 3484 1
349 3429 513 3486 consolatum
525 3428 552 3484 L
646 3432 740 3482 ornata
752 3428 780 3482 B
865 3431 980 3481 actorem
997 3428 1038 3482 2²¹*
1125 3428 1272 3498 ingeneord
1285 3429 1322 3484 13¹

270 3518 287 3572 2
313 3515 469 3585 eligantiam
495 3514 550 3569 BL
651 3528 709 3568 eror
735 3514 763 3568 B
862 3512 1047 3568 3delititoerc
1066 3512 1124 3569 BV
1222 3515 1390 3569 4habnist'is

273 3605 298 3659 Τ
395 3602 484 3655 iussus
503 3601 530 3655 L
630 3600 681 3655 tibi
699 3602 773 3655 niens
791 3616 822 3654 sn
844 3599 870 3653 V
883 3600 915 3654 tn
931 3616 987 3657 roe.
1090 3600 1242 3669 colloquio
1258 3602 1325 3668 fort.

270 3691 286 3743 9
303 3688 487 3743 blandimenta
504 3684 531 3741 L
624 3688 693 3757 legis
711 3686 805 3741 dedero
822 3684 851 3741 n
948 3687 981 3740 10
998 3700 1093 3740 uxorne
1112 3685 1146 3753 L,
1169 3689 1258 3741 uxorio
1276 3688 1324 3741 Po

270 3775 393 3843 deputate
413 3772 449 3828 Τ·
542 3772 574 3827 12
591 3772 664 3826 dotis
682 3770 717 3826 Β
802 3773 845 3826 13·
854 3772 1028 3827 crederctet
1124 3773 1157 3826 14
1174 3772 1280 3827 audiam
1302 3774 1328 3828 Τ

271 3862 303 3914 15
321 3874 414 3913 nonus
432 3858 473 3924 L,
499 3865 570 3944 inno
590 3856 616 3910 T
713 3872 755 3912 me
772 3856 799 3912 L
816 3873 838 3911 a.
856 3858 874 3913 i.
978 3856 1011 3912 16
1028 3856 1071 3926 dc]
1091 3857 1155 3911 dede
1171 3858 1200 3912 B

304 3978 366 4033 XII.
403 3978 437 4031 20
457 3977 623 4032 diuinoticno
639 3978 666 4033 B
769 3978 802 4033 21
820 3979 908 4033 cnima
928 3977 1062 4035 Vinroe.
1160 3980 1279 4049 contiget
1298 3979 1326 4033 B

270 4062 494 4119 idoonetitritB
579 4062 750 4118 memnone
764 4062 792 4117 Β
872 4063 1015 4127 ἰᾱοοεὶΒ;
1032 4063 1092 4119 ideo
1106 4063 1221 4131 LPTV,
1240 4064 1325 4119 dmi

270 4148 488 4203 oioessitudinom
515 4149 543 4203 B
643 4149 678 4203 25
704 4148 814 4203 domino
841 4150 888 4204 Pc
990 4150 1013 4203 ei
1036 4149 1165 4219 dignatur
1182 4150 1243 4204 dato
1267 4148 1324 4204 P¹c

267 4244 317 4290 som
334 4235 362 4288 B
