2992 4967
464 355 700 426 Epistularum
724 356 814 412 liber
830 356 870 414 H·
1190 359 1230 424 61

107 546 203 614 illum
235 553 416 613 conuertens
439 547 507 614 stili
539 547 602 614 mei
629 544 769 627 cultum,
805 548 877 632 qui,
907 546 1049 630 quotiens
1071 546 1234 615 scribenda

106 655 157 719 est
180 650 286 718 infelix
309 649 411 718 ciarum
434 654 518 716 tarra
539 650 734 726 uomeribus,
770 669 805 716 sc
837 649 965 715 famufis
993 649 1059 716 suis
1091 651 1234 733 germina

105 753 305 823 oculatorum
326 753 485 837 promittit
507 771 589 832 esse,
613 771 691 835 quae
713 753 841 832 iaciant,
864 753 1013 820 dicendo:
1047 769 1109 820 non
1130 755 1234 836 cogi·

106 856 211 921 tetis
245 855 339 938 quid
366 855 602 940 loquamini:
640 859 752 938 pater
781 855 881 922 enim
909 859 1046 922 uester
1074 859 1132 921 cst
1168 857 1234 939 qui

82 959 287 1041 eloquitur
310 959 351 1024 iu
371 957 494 1025 uobis.
517 957 585 1042 ipse
608 976 683 1044 ergo
704 961 744 1026 ad
767 959 963 1028 sanciendum
985 959 1129 1047 promissi
1151 959 1234 1027 ueri·

106 1063 212 1128 tatem
235 1060 342 1128 ueniat
371 1065 402 1128 et
425 1061 492 1144 ipse
514 1063 577 1126 oris
598 1063 660 1126 mei
682 1059 844 1127 labantem
872 1062 1036 1129 confirmet
1057 1059 1234 1139 infantium,

107 1169 145 1231 nt
167 1164 385 1234 alucinationis
414 1168 536 1232 nostrae
566 1165 766 1232 concinnatio
795 1183 855 1230 non
885 1166 1057 1232 inhumana
1078 1163 1233 1232 uideatur.

106 1271 162 1335 sed
185 1267 261 1351 quid
288 1268 343 1338 diu
364 1267 543 1351 replicanda
570 1267 825 1350 circumloquor?
861 1286 960 1333 unum
988 1286 1083 1352 rogo,
1123 1270 1159 1334 ut
1179 1287 1234 1353 pro

107 1370 236 1439 mudule
258 1389 327 1438 mco
350 1373 502 1455 rescripta
529 1373 675 1438 taxentur
697 1389 754 1438 nec
775 1373 903 1455 putatur
932 1375 987 1436 aut
1015 1370 1081 1457 legi
1102 1374 1158 1440 aut
1180 1371 1235 1438 de-

72 1474 242 1542 intensioni
264 1474 371 1540 deesse
394 1475 476 1559 quod
498 1476 611 1542 nescio.
645 1492 727 1558 ergo,
751 1479 788 1540 ut
802 1475 970 1558 scriptione
992 1474 1162 1554 testamini,
1185 1475 1234 1543 in·

107 1581 223 1644 uentus
246 1577 293 1644 est
314 1576 417 1656 homo,
440 1578 494 1662 qui
517 1596 620 1644 seruos
644 1575 769 1658 Christi,
792 1576 1053 1662 quemadmodum
1075 1577 1141 1661 ipse
1162 1594 1234 1662 pro·

107 1679 198 1746 misit
220 1698 287 1746 esse
308 1679 502 1761 laciendum,
524 1680 582 1746 sub
605 1681 664 1748 hac
691 1681 852 1747 occasione
881 1662 1052 1762 cribraret,
1089 1679 1235 1746 adserens

108 1785 147 1850 ds
170 1782 294 1850 arbitrii
309 1784 456 1852 libertate
469 1784 589 1852 homini
606 1785 638 1851 in
654 1801 717 1850 una
739 1785 864 1850 tuntum
885 1783 986 1866 parte,
1009 1802 1086 1867 quae
1102 1781 1235 1852 deterior

109 1889 167 1970 est,
184 1886 320 1970 eligendi
332 1886 437 1954 datum
449 1906 514 1954 esse
525 1886 711 1953 licentiam?
728 1905 746 1952 o
762 1885 973 1953 scismaticum
983 1885 1234 1970 propositionem,

74 2007 188 2073 cquae
210 1992 297 2056 iuxta
318 1989 517 2074 apocalypsin
541 1989 673 2074 scriptas
696 1988 847 2056 hebetia
874 1988 979 2054 fronte
1006 1988 1234 2076 blasphemias!

109 2111 190 2176 quae
210 2093 275 2158 ista
287 2092 418 2158 libertae
439 2094 498 2172 cst,
520 2091 548 2156 si
564 2093 660 2172 ualet,
684 2091 848 2174 edisserat,
871 2092 926 2160 ubi
943 2093 1003 2160 hoc
1025 2095 1119 2161 datur
1133 2094 1235 2162 solum

108 2195 193 2262 uelle
214 2197 297 2278 quod
318 2195 444 2279 puniat,
467 2197 524 2262 aut
545 2215 639 2282 quare
663 2195 844 2264 electionem
867 2196 1030 2274 namnet,
1064 2197 1119 2262 ubi
1140 2215 1235 2263 unam

109 2304 235 2366 tautum
264 2303 386 2381 partem
410 2300 526 2366 adserit
558 2299 653 2366 tuisse
688 2302 889 2366 concessum?
935 2300 1018 2382 quod
1047 2299 1075 2364 si
1102 2300 1236 2366 ueritate

110 2402 310 2479 subsisteret,
332 2405 436 2470 locum
453 2401 561 2468 diuina
576 2401 691 2468 iudicia
706 2420 768 2468 non
782 2401 941 2468 haberent.
966 2403 1043 2484 quid
1065 2402 1148 2468 enim
1162 2401 1236 2468 boni

74 2526 131 2574 ana
154 2505 245 2574 nobis
267 2509 343 2572 dans
364 2507 470 2574 noster
492 2507 574 2572 recte
597 2507 774 2592 quaereret,
798 2506 852 2589 qui
874 2507 1086 2592 adpetentiam
1108 2505 1175 2574 cius
1197 2506 1235 2571 de

110 2611 275 2676 uoluntate
297 2610 517 2676 subtraxerat?
538 2609 592 2676 sed
612 2611 702 2676 iuxta
723 2610 916 2692 apostolum:
947 2610 1142 2693 numquid
1163 2608 1235 2674 ini·

110 2731 210 2797 quus
233 2712 355 2780 deus?
377 2713 493 2782 absit.
523 2713 647 2780 siinter
662 2714 930 2780 hominaearscti
946 2713 1103 2778 discordat
1124 2711 1237 2777 affectu

110 2815 166 2898 qui
189 2834 208 2881 a
229 2815 379 2882 subiectis
402 2816 500 2903 exigit
522 2819 602 2900 quod
625 2818 658 2884 in
690 2817 844 2900 potestate
866 2834 927 2883 non
949 2813 1078 2893 tribuit,
1112 2814 1170 2880 boo
1198 2814 1237 2879 de

110 2920 168 2984 deo
192 2936 254 3002 qua
275 2917 468 2986 conscientia
488 2920 641 2986 sentiatur
663 2918 830 2986 aduertite,
852 2917 909 2986 ubi
931 2922 980 2984 est
1000 2917 1082 2993 illud
1103 2915 1236 2998 apostoli

76 3021 281 3088 reclamantis
303 3025 334 3088 et
355 3041 411 3106 pro
434 3021 559 3090 arbitrii
579 3022 726 3090 libertate
749 3022 913 3090 testantis:
947 3019 1062 3088 uelle
1084 3019 1237 3088 adiacet

111 3123 224 3204 mibi,
258 3124 457 3208 perlicere
484 3127 617 3192 autem
649 3144 724 3192 non
754 3125 943 3193 inuenio?
980 3122 1056 3209 quid
1079 3126 1127 3190 est
1150 3124 1236 3191 aliud

216 3327 347 3384 emen
367 3328 407 3394 10.
424 3327 460 3384 so
562 3329 596 3384 15
613 3327 648 3386 er.
665 3327 747 3398 spos.
767 3327 843 3396 rar
944 3328 976 3383 ur
995 3326 1056 3386 car.
1075 3329 1100 3394 a,
1119 3329 1151 3384 rr

111 3415 145 3469 ar
163 3413 238 3468 aon
258 3413 282 3481 r,
300 3415 334 3469 ns

165 3602 179 3656 1
199 3601 247 3671 qui
263 3601 327 3669 Bb,
351 3615 403 3670 quo
420 3599 529 3656 LPTV
645 3601 663 3656 2
689 3601 793 3672 infelix]
820 3602 924 3657 inflexis
940 3603 1005 3670 fort.
1022 3601 1195 3658 scribendum
1211 3609 1237 3659 et

111 3689 203 3744 curuis
221 3686 367 3744 ridendum
384 3693 423 3742 cat
525 3689 543 3743 3
560 3703 616 3744 aare
633 3687 772 3758 promittit
787 3689 854 3755 fort.
954 3690 1017 3760 uon]
1035 3705 1069 3744 ne
1086 3689 1169 3746 Sim.

112 3777 129 3830 5
147 3774 259 3844 promisi
280 3774 315 3829 Τ·
427 3774 444 3828 6
465 3777 493 3827 et
509 3789 559 3828 om.
579 3773 662 3830 Sint
772 3776 790 3831 8
812 3791 951 3832 annum
968 3774 998 3830 Β
1107 3777 1124 3832 9
1147 3777 1237 3834 deferr-

113 3860 188 3979 sion}
209 3893 236 3948 V
330 3895 363 3949 11
381 3907 473 3948 seruue
491 3893 520 3948 Β
622 3893 656 3949 12
671 3867 773 3950 cib'arct
792 3893 821 3948 V
920 3895 953 3951 12
969 3897 988 3965 (ἶ
1004 3911 1039 3951 ca
1054 3897 1126 3967 quod
1146 3900 1172 3954 2·

114 3998 147 4052 15
163 3997 337 4068 apocalipsim
358 3997 388 4063 Τ,
415 3995 486 4066 apud
503 3997 637 4068 calypsem
654 3997 682 4052 B
777 3996 929 4053 blasfemias
947 4000 1004 4055 BP
1107 4001 1140 4059 li
1156 4018 1237 4059 uuam

117 4083 189 4138 Vise
205 4098 260 4139 rae.
329 4117 331 4121 -
372 4083 405 4138 19
422 4081 577 4138 subsisterit
594 4084 622 4140 Β
724 4083 759 4137 22
776 4085 801 4138 si
817 4083 923 4151 addidi,
941 4101 992 4141 cus
1011 4086 1169 4144 BLPTVt

112 4169 229 4224 hominia
246 4185 282 4224 cc
298 4168 424 4224 humanis
442 4167 470 4222 Β
559 4170 594 4225 23
611 4171 699 4240 exiget
717 4169 745 4224 Β
830 4173 993 4239 potestatem
1013 4173 1040 4227 T
1122 4175 1158 4229 24
1174 4190 1237 4231 cou-

114 4255 255 4311 scientiam
272 4255 300 4310 L
386 4254 538 4342 mutiantur
556 4256 583 4310 Τ
665 4257 699 4311 25
717 4256 817 4313 adiecit
835 4255 862 4312 Β
945 4257 981 4313 26
998 4259 1122 4328 proficere
1139 4260 1202 4315 ΡΒ
