2992 4967
453 349 687 420 Epistularum
706 349 795 406 liber
811 349 849 408 11
1170 354 1215 420 49

85 539 292 622 prodentibus
315 542 346 606 et
369 540 402 604 in
423 537 568 624 obsequio
591 538 744 606 militaret
758 538 905 624 quiequid
917 539 1028 624 spirst,
1049 540 1213 626 remigium

85 642 204 712 uestris
227 641 333 713 dioitis
356 642 462 709 deesse
485 641 666 728 conloquiis.
698 659 760 710 oon
781 643 830 708 est
851 642 941 710 lioits
960 641 1028 710 nori
1049 643 1215 730 diligentia

84 749 285 828 sequestrsts
306 763 401 832 qnsm
422 747 557 832 pingunt
578 745 676 812 norbo
698 745 844 814 formido.
861 747 957 814 nemis
971 763 1048 832 opos
1064 749 1122 826 est,
1137 764 1213 832 qno·

83 849 170 920 tions
195 849 285 918 nullo
312 849 474 918 deminum
502 867 618 936 puppes
639 851 789 918 inuentor
815 849 957 932 inpulsu:
990 849 1040 916 his
1062 867 1124 919 pon
1145 854 1215 936 eget

61 953 139 1018 soni
161 952 330 1023 seouodsrn
352 951 587 1040 popponem
608 952 683 1020 isoit
703 953 888 1038 oonepirotio
904 951 1019 1023 donots
1039 956 1214 1024 nonnam.

83 1056 134 1124 sol
156 1055 282 1125 isoitns
295 1073 356 1124 non
370 1057 499 1124 inustor
516 1075 574 1122 reo
588 1055 708 1124 lonsris
724 1056 810 1141 globi
824 1056 1045 1126 onrituoinom
1059 1057 1216 1126 minorum

83 1159 227 1227 sidorum
248 1157 413 1242 sliquondo
435 1159 642 1226 iniustsooero
664 1159 806 1244 oolisgio.
835 1160 969 1240 domino,
993 1160 1029 1228 nt
1049 1177 1146 1244 supro
1159 1159 1215 1226 ho·

83 1279 197 1330 norem
220 1260 351 1328 solntsti
365 1261 512 1329 exhibens
526 1279 643 1344 precor,
665 1266 703 1327 nt
717 1261 801 1348 opud
813 1261 1064 1346 magnitudinem
1079 1263 1216 1331 usnam

85 1367 265 1431 studiorum
289 1381 430 1434 meorum
452 1365 557 1434 irooto
578 1382 642 1434 non
664 1382 797 1446 wesen,
830 1369 999 1450 postquem
1018 1367 1108 1436 uobis
1139 1368 1215 1452 qnid

50 1487 75 1526 o
85 1486 234 1551 euperem
267 1486 326 1535 non
355 1469 470 1550 osleni
504 1471 541 1532 nt
569 1467 746 1550 scriptionis
780 1486 905 1552 oporam
938 1487 1032 1552 quom
1065 1469 1214 1536 haetenus

85 1572 263 1653 protulistis
285 1571 354 1636 stili
377 1559 554 1655 tondentis
574 1570 627 1639 nol
649 1571 795 1638 obertste
816 1571 960 1655 pensetis.

631 1739 671 1807 X.

473 1859 658 1917 suriomvs
684 1859 832 1918 FAVSTO.

129 1965 283 2033 Meritum
304 1985 409 2032 meum
432 1969 577 2052 regnator
600 1967 740 2034 ooeloetis
763 1967 791 2032 si
814 1967 1005 2046 adtenderet,
1029 1972 1084 2034 ont
1105 1969 1216 2056 exigno

51 2072 169 2136 robono
182 2069 372 2152 adipiseerer
385 2070 442 2136 sot
458 2087 573 2154 magns
588 2067 741 2155 supplicio
756 2070 789 2136 ot
804 2073 867 2137 mei
881 2070 1010 2138 idonens
1024 2074 1214 2147 aestimator.

86 2193 149 2258 quo
172 2173 295 2239 meritis
317 2173 479 2256 peruenire
501 2191 561 2240 non
582 2175 733 2258 potorem,
767 2177 842 2239 noto
864 2191 924 2238 non
946 2172 1114 2240 tenderem.
1160 2179 1214 2242 sed

86 2277 208 2362 gratiss
230 2275 290 2354 illi,
322 2277 376 2360 qni
398 2275 512 2342 delicto
538 2277 645 2343 nostro
672 2275 718 2342 sie
740 2295 779 2341 ne
802 2274 988 2342 extoiiomnr
1016 2279 1145 2357 redeosi,
1179 2281 1216 2344 ot

85 2399 175 2464 spem
204 2379 244 2446 od
271 2381 384 2446 letiors
416 2379 575 2464 perdonet.
621 2379 728 2444 domni
751 2379 866 2445 Anioni
899 2378 1091 2446 dictionibus
1120 2400 1139 2446 a
1165 2401 1215 2448 me

86 2485 244 2552 debentur
265 2485 329 2549 isto
351 2484 539 2567 praeloquio,
573 2482 626 2566 qui
649 2481 779 2548 nendum
803 2483 843 2548 od
865 2485 978 2549 bonam
1010 2483 1216 2550 ualitudinem

53 2590 236 2654 sorednotus
267 2589 407 2653 animum
436 2605 541 2653 meum
563 2585 782 2652 sollicitudinis
811 2587 922 2651 catone
943 2587 1111 2666 innuerat,
1140 2588 1215 2652 dnm

88 2693 192 2758 odhuo
219 2693 303 2756 inter
331 2710 418 2775 spem
442 2696 473 2756 ot
495 2693 615 2756 metum
644 2689 727 2754 anxii
756 2691 833 2754 noto
860 2688 1038 2770 penderent.
1073 2691 1215 2755 notorem

86 2793 258 2878 respiciens
291 2795 443 2861 indieonit
465 2812 524 2877 quo
544 2793 669 2858 tonaret
697 2791 829 2874 eloquio.
867 2791 982 2857 iudicio
1006 2791 1131 2875 quidem
1153 2794 1216 2860 isto

86 2915 307 2982 praeceperam
330 2903 361 2963 et
385 2897 526 2964 oltrioem
559 2895 672 2964 nobilis
704 2895 827 2962 metelli
861 2913 974 2961 uenam
1003 2896 1036 2961 in
1059 2897 1214 2963 thesauris

87 3019 166 3084 qnos
188 3005 348 3084 pepererat
371 3001 584 3085 agnoscebam.
612 2998 666 3064 sed
689 2999 785 3064 etiam
803 2998 835 3064 in
850 2998 908 3063 hoo
929 3005 1072 3082 peoostor
1093 3001 1215 3066 euenire

56 3103 143 3169 snix
165 3101 281 3170 oredidi
305 3104 385 3188 qnod
408 3103 535 3186 adsequi
548 3119 608 3168 non
623 3103 774 3168 merebor.
798 3119 909 3168 uerum
925 3103 994 3167 dieo
1009 3105 1091 3168 teste
1106 3103 1217 3171 diuino

89 3207 267 3286 oiemffltis
290 3209 319 3274 si
340 3210 415 3274 sunt
436 3208 533 3292 siiqni
553 3207 587 3272 in
607 3205 747 3291 ligurio,
771 3205 824 3288 qni
839 3208 877 3271 de
899 3205 1075 3272 litterarum
1096 3207 1216 3290 possint

141 3429 246 3484 iiieit
263 3431 339 3484 oneri
356 3429 395 3484 B¹
497 3429 691 3498 ddepingnnt
718 3427 747 3482 B
847 3426 919 3482 renis
945 3427 973 3482 L
1075 3429 1213 3499 ipnppie

90 3533 234 3604 13,qu
256 3534 281 3586 n
380 3506 509 3588 ris-nour
526 3531 555 3587 n
657 3529 806 3586 oroneo
822 3530 851 3585 o
953 3529 1104 3601 soouigis
1120 3530 1148 3586 n

89 3618 298 3676 issishtionis
315 3618 342 3674 T
441 3619 509 3687 spnt
525 3617 553 3671 B
658 3618 691 3673 10
710 3617 753 3687 ut]
771 3619 800 3672 et
816 3617 863 3674 oet
879 3616 923 3672 oei
938 3617 1004 3683 sort.
1108 3617 1213 3672 sotinoe

90 3704 120 3759 B
223 3705 254 3759 11
273 3705 429 3774 protulsstis
448 3704 487 3758 Βι

140 3806 1038 3880 xtomeptsoss.i,ood.snmp.oosrosniedseeprn
1141 3809 1216 3866 idei

90 3910 262 3968 morae
364 3883 549 3968 monins
646 3911 786 3967 eie-sn
889 3909 1148 3980 nomme

91 3996 302 4066 lineloosL
406 3996 602 4054 18doosinid
704 3995 984 4063 oneniKssisili
1083 3996 1217 4051 iiinde·

91 4082 167 4138 osuit
195 4081 238 4148 Ψ,
265 4081 407 4139 nomast
431 4081 473 4148 B,
499 4081 630 4138 indiderit
656 4082 707 4138 Po
821 4081 856 4136 28
881 4082 1061 4152 prseeipsrsrn
1088 4082 1128 4149 Β,
1156 4098 1216 4154 per·

92 4184 276 4254 speramns
363 4183 560 4240 enmono
660 4156 870 4255 oppane
962 4185 1170 4256 segnensis⁴

93 4271 198 4338 possint
214 4269 305 4337 LPV,
330 4274 442 4340 possent
457 4271 499 4338 Β,
524 4271 669 4344 pomnntd
