2992 4967
636 344 752 415 Magni
769 343 899 399 Felicis
916 342 1047 397 Ennodi

780 633 901 700 nvnc

603 890 605 897 y
661 801 800 861 FAVSTO
827 801 1020 859 ennomus.

319 948 379 1013 Vix
402 951 450 1013 est
466 950 502 1012 ut
516 946 658 1013 intentus
674 948 767 1012 rebus
783 944 929 1010 felicibus
948 942 1081 1009 adum
1095 945 1294 1027 praenoscat
1318 945 1411 1011 nelnt

277 1052 437 1118 sinistrum
466 1050 549 1115 euim
581 1068 671 1115 omen
701 1048 862 1133 repudiat,
892 1050 1017 1131 siquid
1045 1050 1085 1115 de
1113 1045 1298 1114 sustentate
1318 1047 1412 1114 futu·

277 1173 382 1219 rorum
410 1153 576 1220 intellectu
605 1152 810 1236 praecedente
838 1152 1027 1233 respexerit:
1065 1152 1147 1217 certe
1174 1170 1214 1217 ne
1242 1152 1275 1215 et
1304 1150 1445 1216 aeones

276 1258 416 1339 tempore
439 1275 565 1322 amarae
588 1274 621 1320 se
643 1254 807 1332 misceant,
829 1255 898 1339 ipsa
915 1255 1133 1321 molestiarum
1147 1254 1253 1320 horret
1274 1254 1411 1339 agnitio.

277 1362 363 1427 nullo
386 1359 551 1426 credebam
573 1358 738 1425 interuallo
766 1377 849 1424 nunc
871 1357 1075 1424 inamabilem
1097 1358 1296 1432 Rauennam.
1329 1357 1411 1423 dnm

277 1468 344 1529 erat
366 1462 521 1529 thesauris
544 1463 623 1527 meis
646 1462 748 1546 plena,
773 1461 907 1527 distare:
931 1479 993 1527 non
1017 1479 1067 1526 me
1089 1460 1409 1544 renuentemque,

277 1567 474 1632 aestuantem
498 1584 588 1644 aura,
611 1568 648 1630 nt
670 1565 787 1631 illaad
809 1584 843 1637 se
865 1583 927 1630 non
949 1566 1068 1631 laesum
1090 1566 1213 1647 requies
1235 1563 1408 1633 inuitabat

276 1674 310 1734 at
332 1688 414 1734 nuuc
437 1670 507 1752 ipsa
521 1670 622 1735 Roma
642 1673 718 1751 puto
741 1669 781 1734 ad
803 1668 944 1751 longiora
965 1686 1022 1750 pro
1044 1672 1240 1749 peccatorum
1262 1686 1443 1734 meorumue

277 1770 360 1837 fasce
376 1774 533 1837 translata
549 1776 603 1836 est.
632 1771 684 1836 ubi
707 1773 754 1837 est
769 1771 826 1837 illa
847 1790 927 1854 quae
947 1790 1017 1837 rara
1034 1772 1206 1853 putabatur
1227 1771 1410 1854 frequentia

276 1874 482 1940 litterarum?
505 1874 560 1941 ubi
583 1876 692 1941 crebra
713 1876 816 1941 nisio?
839 1874 894 1940 nbi
909 1877 958 1939 tot
973 1874 1090 1940 solacia
1103 1874 1309 1959 diligentiae?
1330 1896 1407 1942 nere

276 1996 332 2063 pro
347 1978 424 2043 meis
439 1978 579 2061 partibus
594 1976 720 2059 loquor:
743 1977 881 2043 detester
896 1977 1008 2055 uitam,
1032 1996 1111 2060 quae
1126 1996 1182 2043 nec
1205 1979 1238 2043 in
1254 1998 1408 2046 aerumna

280 2081 460 2146 constitutis
484 2082 530 2146 est
559 2078 638 2146 odio.
676 2080 800 2165 adleget
828 2079 959 2147 forsitan
983 2082 1107 2146 culmen
1135 2084 1236 2163 tunm,
1258 2083 1319 2149 sibi
1349 2102 1406 2167 pro

276 2202 409 2266 superna
432 2183 659 2267 dispensatione
675 2186 782 2268 cupita
802 2182 980 2269 contigisse.
1004 2202 1067 2250 nen
1083 2184 1131 2249 eet
1144 2185 1237 2267 plena
1255 2186 1439 2265 solicitasse

278 2286 399 2370 quando
429 2289 604 2352 uestrorum
633 2286 746 2369 aliquis
773 2287 908 2352 miseriis
938 2287 1034 2352 durae
1063 2290 1319 2371 sequestrationis
1347 2292 1406 2357 ad·

279 2391 409 2473 digitur.
433 2390 490 2455 deo
513 2390 641 2470 credito,
664 2409 726 2455 non
748 2391 822 2455 sunt
843 2390 948 2456 fucata
964 2410 1043 2474 quae
1058 2390 1153 2455 defleo
1175 2410 1234 2457 nec
1249 2395 1288 2458 ad
1304 2394 1405 2476 expli·

277 2493 407 2559 caudam
431 2494 532 2559 cordis
560 2493 755 2577 tragoediam
784 2494 839 2558 ant
860 2493 1039 2577 epistularis
1065 2494 1262 2562 concinnatio
1284 2496 1406 2563 sumet

276 2602 331 2664 aut
346 2597 495 2663 sermonis
511 2598 664 2681 angustia.
690 2595 812 2662 Christe
828 2615 930 2662 rerum
947 2597 1078 2683 arbiter,
1101 2600 1244 2682 propriae
1259 2618 1405 2665 succurre

275 2702 470 2778 necessitati,
499 2721 538 2767 ne
566 2701 705 2767 bumana
730 2700 886 2785 fragilitas
913 2702 954 2767 ad
983 2701 1115 2768 inmensi
1145 2702 1260 2767 fascem
1286 2704 1437 2771 doloriso

274 2822 335 2870 non
358 2804 517 2871 sufficiens
539 2820 647 2887 pressa
668 2803 865 2870 subcumbet.
893 2803 1016 2870 domine
1037 2806 1091 2884 mi,
1114 2806 1313 2872 salutationis
1337 2826 1403 2873 ser·

274 2908 355 2973 uitia
376 2907 550 2991 dependens
573 2925 658 2991 rogo,
685 2911 722 2972 ut
743 2906 898 2990 paginalis
915 2906 1000 2972 circa
1019 2926 1071 2972 me
1093 2926 1170 2973 cura
1191 2915 1343 2990 seruetur,
1366 2912 1403 2975 ut

274 3013 325 3077 uel
348 3011 405 3076 boo
426 3010 564 3076 remedio
587 3012 669 3076 inter
691 3013 797 3075 aestus
819 3029 907 3076 mene
934 3012 1106 3077 constituta
1135 3014 1275 3097 respiret

324 3268 1333 3371 mmffinrmmfflmmm

273 3404 291 3457 5
316 3402 475 3473 procedente
502 3404 529 3459 B
632 3406 659 3457 et
684 3420 734 3459 orn.
759 3404 803 3459 Pb
914 3406 931 3459 6
953 3421 1060 3460 amarae
1083 3406 1179 3475 Sim,
1206 3424 1295 3464 amare
1318 3410 1405 3465 BLP

275 3508 353 3574 ΤΠ),
380 3524 441 3562 cum
459 3508 558 3562 amaris
576 3508 614 3561 Ρι
717 3508 895 3563 irauennem
915 3509 949 3563 T¹
1061 3510 1250 3567 Sthenaaurie
1268 3513 1315 3577 Π,
1341 3514 1401 3569 the·

272 3613 358 3667 cauria
378 3614 415 3679 (es
432 3613 543 3678 lorea.)
562 3611 590 3665 B
685 3610 764 3679 plena
782 3613 809 3666 B
826 3613 859 3667 ic
875 3629 926 3683 mq.
945 3612 1011 3667 cdd.
1116 3613 1219 3669 dertare
1236 3616 1337 3672 LP¹V

273 3716 306 3771 10
323 3716 357 3770 ad
375 3716 444 3771 13¹1:
547 3714 580 3768 13
604 3730 734 3784 erumpna
760 3715 785 3769 Τ
888 3716 921 3770 14
938 3716 1046 3786 adleget
1063 3718 1174 3789 scripsi,
1200 3719 1304 3790 adlegit
1321 3720 1406 3776 ΒΗ·

276 3820 307 3883 V,
334 3818 430 3887 allegit
452 3819 509 3885 Pb,
537 3818 646 3887 adlegat
665 3818 748 3873 Siron.
852 3822 930 3873 tuum
947 3821 1055 3888 scripsi.
1082 3837 1160 3876 suum
1178 3822 1333 3879 BnPnVo

273 3923 305 3976 16
332 3924 482 3976 nostrorum
510 3921 591 3976 Sim.
734 3922 765 3976 l'l
792 3922 1013 3991 baerplioandam
1043 3924 1070 3992 (1
1097 3942 1131 3981 ec
1156 3943 1170 3981 o
1196 3930 1278 3994 corr.)
1305 3927 1334 3982 L

273 4025 305 4079 18
331 4022 496 4093 traguidiam
524 4024 561 4078 Βι
684 4026 716 4079 19
741 4030 803 4093 post
829 4027 958 4080 sermonis
983 4030 1054 4082 8-9
1072 4028 1123 4084 litt.
1152 4046 1221 4087 aas.
1248 4031 1279 4085 ier
1304 4030 1333 4085 B

271 4148 304 4202 ar
331 4163 437 4245 ψει
464 4147 491 4203 n
593 4114 679 4217 bv,
705 4148 773 4203 mim
799 4148 855 4203 nn
957 4150 1336 4221 aerumnosaque

270 4250 305 4305 23
321 4268 363 4305 ms
382 4252 409 4306 L
512 4252 654 4320 respiceret
671 4252 698 4307 Β
